%YAML 1.1
%TAG !u! tag:unity3d.com,2011:
--- !u!1 &1551320304895970931
GameObject:
  m_ObjectHideFlags: 0
  m_CorrespondingSourceObject: {fileID: 0}
  m_PrefabInstance: {fileID: 0}
  m_PrefabAsset: {fileID: 0}
  serializedVersion: 6
  m_Component:
  - component: {fileID: 8118130253191106122}
  m_Layer: 8
  m_Name: hitEffectPos
  m_TagString: Untagged
  m_Icon: {fileID: 0}
  m_NavMeshLayer: 0
  m_StaticEditorFlags: 0
  m_IsActive: 1
--- !u!4 &8118130253191106122
Transform:
  m_ObjectHideFlags: 0
  m_CorrespondingSourceObject: {fileID: 0}
  m_PrefabInstance: {fileID: 0}
  m_PrefabAsset: {fileID: 0}
  m_GameObject: {fileID: 1551320304895970931}
  serializedVersion: 2
  m_LocalRotation: {x: -0, y: -0, z: -0, w: 1}
  m_LocalPosition: {x: 0, y: 1.59, z: 0.33}
  m_LocalScale: {x: 1, y: 1, z: 1}
  m_ConstrainProportionsScale: 0
  m_Children: []
  m_Father: {fileID: 5700589705737702854}
  m_LocalEulerAnglesHint: {x: 0, y: 0, z: 0}
--- !u!1001 &5230413505672505901
PrefabInstance:
  m_ObjectHideFlags: 0
  serializedVersion: 2
  m_Modification:
    serializedVersion: 3
    m_TransformParent: {fileID: 0}
    m_Modifications:
    - target: {fileID: -9070493210130169274, guid: 3a17c745faf44a64e956462cef102948, type: 3}
      propertyPath: m_Layer
      value: 7
      objectReference: {fileID: 0}
    - target: {fileID: -8679921383154817045, guid: 3a17c745faf44a64e956462cef102948, type: 3}
      propertyPath: m_LocalScale.x
      value: 0.4
      objectReference: {fileID: 0}
    - target: {fileID: -8679921383154817045, guid: 3a17c745faf44a64e956462cef102948, type: 3}
      propertyPath: m_LocalScale.y
      value: 0.4
      objectReference: {fileID: 0}
    - target: {fileID: -8679921383154817045, guid: 3a17c745faf44a64e956462cef102948, type: 3}
      propertyPath: m_LocalScale.z
      value: 0.4
      objectReference: {fileID: 0}
    - target: {fileID: -8679921383154817045, guid: 3a17c745faf44a64e956462cef102948, type: 3}
      propertyPath: m_LocalPosition.x
      value: 0
      objectReference: {fileID: 0}
    - target: {fileID: -8679921383154817045, guid: 3a17c745faf44a64e956462cef102948, type: 3}
      propertyPath: m_LocalPosition.y
      value: 0
      objectReference: {fileID: 0}
    - target: {fileID: -8679921383154817045, guid: 3a17c745faf44a64e956462cef102948, type: 3}
      propertyPath: m_LocalPosition.z
      value: 0
      objectReference: {fileID: 0}
    - target: {fileID: -8679921383154817045, guid: 3a17c745faf44a64e956462cef102948, type: 3}
      propertyPath: m_LocalRotation.w
      value: 1
      objectReference: {fileID: 0}
    - target: {fileID: -8679921383154817045, guid: 3a17c745faf44a64e956462cef102948, type: 3}
      propertyPath: m_LocalRotation.x
      value: 0
      objectReference: {fileID: 0}
    - target: {fileID: -8679921383154817045, guid: 3a17c745faf44a64e956462cef102948, type: 3}
      propertyPath: m_LocalRotation.y
      value: 0
      objectReference: {fileID: 0}
    - target: {fileID: -8679921383154817045, guid: 3a17c745faf44a64e956462cef102948, type: 3}
      propertyPath: m_LocalRotation.z
      value: 0
      objectReference: {fileID: 0}
    - target: {fileID: -8679921383154817045, guid: 3a17c745faf44a64e956462cef102948, type: 3}
      propertyPath: m_LocalEulerAnglesHint.x
      value: 0
      objectReference: {fileID: 0}
    - target: {fileID: -8679921383154817045, guid: 3a17c745faf44a64e956462cef102948, type: 3}
      propertyPath: m_LocalEulerAnglesHint.y
      value: 0
      objectReference: {fileID: 0}
    - target: {fileID: -8679921383154817045, guid: 3a17c745faf44a64e956462cef102948, type: 3}
      propertyPath: m_LocalEulerAnglesHint.z
      value: 0
      objectReference: {fileID: 0}
    - target: {fileID: -8679921383154817045, guid: 3a17c745faf44a64e956462cef102948, type: 3}
      propertyPath: m_ConstrainProportionsScale
      value: 1
      objectReference: {fileID: 0}
    - target: {fileID: -8183481454299698827, guid: 3a17c745faf44a64e956462cef102948, type: 3}
      propertyPath: m_Layer
      value: 7
      objectReference: {fileID: 0}
    - target: {fileID: -8006009767450596044, guid: 3a17c745faf44a64e956462cef102948, type: 3}
      propertyPath: m_Layer
      value: 7
      objectReference: {fileID: 0}
    - target: {fileID: -7657966619581158213, guid: 3a17c745faf44a64e956462cef102948, type: 3}
      propertyPath: m_Layer
      value: 7
      objectReference: {fileID: 0}
    - target: {fileID: -7360747449169001873, guid: 3a17c745faf44a64e956462cef102948, type: 3}
      propertyPath: m_Layer
      value: 7
      objectReference: {fileID: 0}
    - target: {fileID: -7121769801107515815, guid: 3a17c745faf44a64e956462cef102948, type: 3}
      propertyPath: m_Layer
      value: 7
      objectReference: {fileID: 0}
    - target: {fileID: -6621945745981909287, guid: 3a17c745faf44a64e956462cef102948, type: 3}
      propertyPath: m_Layer
      value: 7
      objectReference: {fileID: 0}
    - target: {fileID: -6370085079684087283, guid: 3a17c745faf44a64e956462cef102948, type: 3}
      propertyPath: m_Layer
      value: 7
      objectReference: {fileID: 0}
    - target: {fileID: -6234591296559379751, guid: 3a17c745faf44a64e956462cef102948, type: 3}
      propertyPath: m_Layer
      value: 7
      objectReference: {fileID: 0}
    - target: {fileID: -6170625038081293824, guid: 3a17c745faf44a64e956462cef102948, type: 3}
      propertyPath: m_Layer
      value: 7
      objectReference: {fileID: 0}
    - target: {fileID: -6056541330796499132, guid: 3a17c745faf44a64e956462cef102948, type: 3}
      propertyPath: m_Layer
      value: 7
      objectReference: {fileID: 0}
    - target: {fileID: -5964218058357469259, guid: 3a17c745faf44a64e956462cef102948, type: 3}
      propertyPath: m_Layer
      value: 7
      objectReference: {fileID: 0}
    - target: {fileID: -5857696854640597626, guid: 3a17c745faf44a64e956462cef102948, type: 3}
      propertyPath: m_Layer
      value: 7
      objectReference: {fileID: 0}
    - target: {fileID: -5561550452697079657, guid: 3a17c745faf44a64e956462cef102948, type: 3}
      propertyPath: m_Layer
      value: 7
      objectReference: {fileID: 0}
    - target: {fileID: -5195048882033904264, guid: 3a17c745faf44a64e956462cef102948, type: 3}
      propertyPath: m_Layer
      value: 7
      objectReference: {fileID: 0}
    - target: {fileID: -4999088201633142198, guid: 3a17c745faf44a64e956462cef102948, type: 3}
      propertyPath: m_Layer
      value: 7
      objectReference: {fileID: 0}
    - target: {fileID: -4728426434207774260, guid: 3a17c745faf44a64e956462cef102948, type: 3}
      propertyPath: m_Layer
      value: 7
      objectReference: {fileID: 0}
    - target: {fileID: -4501530691011011137, guid: 3a17c745faf44a64e956462cef102948, type: 3}
      propertyPath: m_Layer
      value: 7
      objectReference: {fileID: 0}
    - target: {fileID: -4332706925441422008, guid: 3a17c745faf44a64e956462cef102948, type: 3}
      propertyPath: m_Layer
      value: 7
      objectReference: {fileID: 0}
    - target: {fileID: -4278032810995721380, guid: 3a17c745faf44a64e956462cef102948, type: 3}
      propertyPath: m_Layer
      value: 7
      objectReference: {fileID: 0}
    - target: {fileID: -3799395697873186154, guid: 3a17c745faf44a64e956462cef102948, type: 3}
      propertyPath: m_Layer
      value: 7
      objectReference: {fileID: 0}
    - target: {fileID: -3542885339558904099, guid: 3a17c745faf44a64e956462cef102948, type: 3}
      propertyPath: m_Layer
      value: 7
      objectReference: {fileID: 0}
    - target: {fileID: -3478013746326755454, guid: 3a17c745faf44a64e956462cef102948, type: 3}
      propertyPath: m_Layer
      value: 7
      objectReference: {fileID: 0}
    - target: {fileID: -3214267034143217929, guid: 3a17c745faf44a64e956462cef102948, type: 3}
      propertyPath: m_Layer
      value: 7
      objectReference: {fileID: 0}
    - target: {fileID: -3086436065929644917, guid: 3a17c745faf44a64e956462cef102948, type: 3}
      propertyPath: m_Layer
      value: 7
      objectReference: {fileID: 0}
    - target: {fileID: -2084811680363313996, guid: 3a17c745faf44a64e956462cef102948, type: 3}
      propertyPath: m_Layer
      value: 7
      objectReference: {fileID: 0}
    - target: {fileID: -1781356600409242780, guid: 3a17c745faf44a64e956462cef102948, type: 3}
      propertyPath: m_Layer
      value: 7
      objectReference: {fileID: 0}
    - target: {fileID: -1703473491307067327, guid: 3a17c745faf44a64e956462cef102948, type: 3}
      propertyPath: m_Layer
      value: 7
      objectReference: {fileID: 0}
    - target: {fileID: -1425791611860619382, guid: 3a17c745faf44a64e956462cef102948, type: 3}
      propertyPath: m_Layer
      value: 7
      objectReference: {fileID: 0}
    - target: {fileID: -1268151995469589007, guid: 3a17c745faf44a64e956462cef102948, type: 3}
      propertyPath: m_Layer
      value: 7
      objectReference: {fileID: 0}
    - target: {fileID: -1200856079203341021, guid: 3a17c745faf44a64e956462cef102948, type: 3}
      propertyPath: m_Layer
      value: 7
      objectReference: {fileID: 0}
    - target: {fileID: -751476226918971245, guid: 3a17c745faf44a64e956462cef102948, type: 3}
      propertyPath: m_Layer
      value: 7
      objectReference: {fileID: 0}
    - target: {fileID: -552831747908440785, guid: 3a17c745faf44a64e956462cef102948, type: 3}
      propertyPath: m_Layer
      value: 7
      objectReference: {fileID: 0}
    - target: {fileID: -290750445479886849, guid: 3a17c745faf44a64e956462cef102948, type: 3}
      propertyPath: m_Layer
      value: 7
      objectReference: {fileID: 0}
    - target: {fileID: -203856693384778745, guid: 3a17c745faf44a64e956462cef102948, type: 3}
      propertyPath: m_Layer
      value: 7
      objectReference: {fileID: 0}
    - target: {fileID: -76546954072915012, guid: 3a17c745faf44a64e956462cef102948, type: 3}
      propertyPath: m_Layer
      value: 7
      objectReference: {fileID: 0}
    - target: {fileID: 9171100556185337, guid: 3a17c745faf44a64e956462cef102948, type: 3}
      propertyPath: m_Layer
      value: 7
      objectReference: {fileID: 0}
    - target: {fileID: 414117464747255840, guid: 3a17c745faf44a64e956462cef102948, type: 3}
      propertyPath: m_Layer
      value: 7
      objectReference: {fileID: 0}
    - target: {fileID: 919132149155446097, guid: 3a17c745faf44a64e956462cef102948, type: 3}
      propertyPath: m_Name
      value: FatZombie
      objectReference: {fileID: 0}
    - target: {fileID: 919132149155446097, guid: 3a17c745faf44a64e956462cef102948, type: 3}
      propertyPath: m_Layer
      value: 7
      objectReference: {fileID: 0}
    - target: {fileID: 919132149155446097, guid: 3a17c745faf44a64e956462cef102948, type: 3}
      propertyPath: m_TagString
      value: Zombie
      objectReference: {fileID: 0}
    - target: {fileID: 1082271958561512970, guid: 3a17c745faf44a64e956462cef102948, type: 3}
      propertyPath: m_Layer
      value: 7
      objectReference: {fileID: 0}
    - target: {fileID: 1339101018200438765, guid: 3a17c745faf44a64e956462cef102948, type: 3}
      propertyPath: m_Layer
      value: 7
      objectReference: {fileID: 0}
    - target: {fileID: 1711505207429034123, guid: 3a17c745faf44a64e956462cef102948, type: 3}
      propertyPath: m_Layer
      value: 7
      objectReference: {fileID: 0}
    - target: {fileID: 2158975759703390516, guid: 3a17c745faf44a64e956462cef102948, type: 3}
      propertyPath: m_Layer
      value: 7
      objectReference: {fileID: 0}
    - target: {fileID: 2586065998465600510, guid: 3a17c745faf44a64e956462cef102948, type: 3}
      propertyPath: m_Layer
      value: 7
      objectReference: {fileID: 0}
    - target: {fileID: 2715566404302941441, guid: 3a17c745faf44a64e956462cef102948, type: 3}
      propertyPath: m_Layer
      value: 7
      objectReference: {fileID: 0}
    - target: {fileID: 2898355158428612036, guid: 3a17c745faf44a64e956462cef102948, type: 3}
      propertyPath: m_Layer
      value: 7
      objectReference: {fileID: 0}
    - target: {fileID: 3047284246813455858, guid: 3a17c745faf44a64e956462cef102948, type: 3}
      propertyPath: m_Layer
      value: 7
      objectReference: {fileID: 0}
    - target: {fileID: 3135921509060577837, guid: 3a17c745faf44a64e956462cef102948, type: 3}
      propertyPath: m_Layer
      value: 7
      objectReference: {fileID: 0}
    - target: {fileID: 3588849560313704984, guid: 3a17c745faf44a64e956462cef102948, type: 3}
      propertyPath: m_Layer
      value: 7
      objectReference: {fileID: 0}
    - target: {fileID: 3614653200513675785, guid: 3a17c745faf44a64e956462cef102948, type: 3}
      propertyPath: m_Layer
      value: 7
      objectReference: {fileID: 0}
    - target: {fileID: 3882815353823017779, guid: 3a17c745faf44a64e956462cef102948, type: 3}
      propertyPath: m_Layer
      value: 7
      objectReference: {fileID: 0}
    - target: {fileID: 3948933247560734027, guid: 3a17c745faf44a64e956462cef102948, type: 3}
      propertyPath: m_Layer
      value: 7
      objectReference: {fileID: 0}
    - target: {fileID: 3974016661214395164, guid: 3a17c745faf44a64e956462cef102948, type: 3}
      propertyPath: m_Layer
      value: 7
      objectReference: {fileID: 0}
    - target: {fileID: 4114030615378554161, guid: 3a17c745faf44a64e956462cef102948, type: 3}
      propertyPath: m_Layer
      value: 7
      objectReference: {fileID: 0}
    - target: {fileID: 4237274458221626025, guid: 3a17c745faf44a64e956462cef102948, type: 3}
      propertyPath: m_Layer
      value: 7
      objectReference: {fileID: 0}
    - target: {fileID: 4441848305933595309, guid: 3a17c745faf44a64e956462cef102948, type: 3}
      propertyPath: m_Layer
      value: 7
      objectReference: {fileID: 0}
    - target: {fileID: 4549111882529890269, guid: 3a17c745faf44a64e956462cef102948, type: 3}
      propertyPath: m_Layer
      value: 7
      objectReference: {fileID: 0}
    - target: {fileID: 5120724536234783804, guid: 3a17c745faf44a64e956462cef102948, type: 3}
      propertyPath: m_Layer
      value: 7
      objectReference: {fileID: 0}
    - target: {fileID: 5567237881422871782, guid: 3a17c745faf44a64e956462cef102948, type: 3}
      propertyPath: m_Layer
      value: 7
      objectReference: {fileID: 0}
    - target: {fileID: 5866666021909216657, guid: 3a17c745faf44a64e956462cef102948, type: 3}
      propertyPath: m_Controller
      value: 
      objectReference: {fileID: 9100000, guid: 22ba640e29baef643b95067150cccefc, type: 2}
    - target: {fileID: 6240733294840144465, guid: 3a17c745faf44a64e956462cef102948, type: 3}
      propertyPath: m_Layer
      value: 7
      objectReference: {fileID: 0}
    - target: {fileID: 6514210125699187276, guid: 3a17c745faf44a64e956462cef102948, type: 3}
      propertyPath: m_Layer
      value: 7
      objectReference: {fileID: 0}
    - target: {fileID: 7363479242261063072, guid: 3a17c745faf44a64e956462cef102948, type: 3}
      propertyPath: m_Layer
      value: 7
      objectReference: {fileID: 0}
    - target: {fileID: 7542137907003004905, guid: 3a17c745faf44a64e956462cef102948, type: 3}
      propertyPath: m_Layer
      value: 7
      objectReference: {fileID: 0}
    - target: {fileID: 7732535366517880319, guid: 3a17c745faf44a64e956462cef102948, type: 3}
      propertyPath: m_Layer
      value: 7
      objectReference: {fileID: 0}
    - target: {fileID: 7776229726456038893, guid: 3a17c745faf44a64e956462cef102948, type: 3}
      propertyPath: m_Layer
      value: 7
      objectReference: {fileID: 0}
    - target: {fileID: 8817898888258712963, guid: 3a17c745faf44a64e956462cef102948, type: 3}
      propertyPath: m_Layer
      value: 7
      objectReference: {fileID: 0}
    - target: {fileID: 8953972740105248388, guid: 3a17c745faf44a64e956462cef102948, type: 3}
      propertyPath: m_Layer
      value: 7
      objectReference: {fileID: 0}
    - target: {fileID: 9037727976738196030, guid: 3a17c745faf44a64e956462cef102948, type: 3}
      propertyPath: m_Layer
      value: 7
      objectReference: {fileID: 0}
    m_RemovedComponents: []
    m_RemovedGameObjects: []
    m_AddedGameObjects:
    - targetCorrespondingSourceObject: {fileID: -8679921383154817045, guid: 3a17c745faf44a64e956462cef102948, type: 3}
      insertIndex: -1
      addedObject: {fileID: 957843120477029462}
    - targetCorrespondingSourceObject: {fileID: -8679921383154817045, guid: 3a17c745faf44a64e956462cef102948, type: 3}
      insertIndex: -1
      addedObject: {fileID: 8118130253191106122}
    m_AddedComponents:
    - targetCorrespondingSourceObject: {fileID: 919132149155446097, guid: 3a17c745faf44a64e956462cef102948, type: 3}
      insertIndex: -1
      addedObject: {fileID: 5954626171549328648}
    - targetCorrespondingSourceObject: {fileID: 919132149155446097, guid: 3a17c745faf44a64e956462cef102948, type: 3}
      insertIndex: -1
      addedObject: {fileID: 7746930313174025131}
    - targetCorrespondingSourceObject: {fileID: 919132149155446097, guid: 3a17c745faf44a64e956462cef102948, type: 3}
      insertIndex: -1
      addedObject: {fileID: 7206723941648240086}
  m_SourcePrefab: {fileID: 100100000, guid: 3a17c745faf44a64e956462cef102948, type: 3}
--- !u!1 &4924475700444845948 stripped
GameObject:
  m_CorrespondingSourceObject: {fileID: 919132149155446097, guid: 3a17c745faf44a64e956462cef102948, type: 3}
  m_PrefabInstance: {fileID: 5230413505672505901}
  m_PrefabAsset: {fileID: 0}
--- !u!65 &5954626171549328648
BoxCollider:
  m_ObjectHideFlags: 0
  m_CorrespondingSourceObject: {fileID: 0}
  m_PrefabInstance: {fileID: 0}
  m_PrefabAsset: {fileID: 0}
  m_GameObject: {fileID: 4924475700444845948}
  m_Material: {fileID: 0}
  m_IncludeLayers:
    serializedVersion: 2
    m_Bits: 0
  m_ExcludeLayers:
    serializedVersion: 2
    m_Bits: 0
  m_LayerOverridePriority: 0
  m_IsTrigger: 0
  m_ProvidesContacts: 0
  m_Enabled: 1
  serializedVersion: 3
  m_Size: {x: 1, y: 2.5, z: 1}
  m_Center: {x: 0, y: 1, z: 0}
--- !u!114 &7746930313174025131
MonoBehaviour:
  m_ObjectHideFlags: 0
  m_CorrespondingSourceObject: {fileID: 0}
  m_PrefabInstance: {fileID: 0}
  m_PrefabAsset: {fileID: 0}
  m_GameObject: {fileID: 4924475700444845948}
  m_Enabled: 1
  m_EditorHideFlags: 0
  m_Script: {fileID: 11500000, guid: 7f3f760870a05cb448fc57ad4b7e109b, type: 3}
  m_Name: 
  m_EditorClassIdentifier: 
  zombieHealthBar: {fileID: 1273124193907072180}
  takeDamageEffect: {fileID: 100000, guid: 276cc2cc9f3b04649b9e7a8c2956f86c, type: 3}
  takeDamageEffectPos: {fileID: 1551320304895970931}
--- !u!114 &7206723941648240086
MonoBehaviour:
  m_ObjectHideFlags: 0
  m_CorrespondingSourceObject: {fileID: 0}
  m_PrefabInstance: {fileID: 0}
  m_PrefabAsset: {fileID: 0}
  m_GameObject: {fileID: 4924475700444845948}
  m_Enabled: 1
  m_EditorHideFlags: 0
  m_Script: {fileID: 11500000, guid: 3c782500789ca5140959c8d9c8a99528, type: 3}
  m_Name: 
  m_EditorClassIdentifier: 
  shootMark:
    serializedVersion: 2
    m_Bits: 256
--- !u!4 &5700589705737702854 stripped
Transform:
  m_CorrespondingSourceObject: {fileID: -8679921383154817045, guid: 3a17c745faf44a64e956462cef102948, type: 3}
  m_PrefabInstance: {fileID: 5230413505672505901}
  m_PrefabAsset: {fileID: 0}
--- !u!1001 &7726231666917499355
PrefabInstance:
  m_ObjectHideFlags: 0
  serializedVersion: 2
  m_Modification:
    serializedVersion: 3
    m_TransformParent: {fileID: 5700589705737702854}
    m_Modifications:
    - target: {fileID: 7382499276265891213, guid: 642cb25d72c775543b5ec28525f05a27, type: 3}
      propertyPath: m_Pivot.x
      value: 0.5
      objectReference: {fileID: 0}
    - target: {fileID: 7382499276265891213, guid: 642cb25d72c775543b5ec28525f05a27, type: 3}
      propertyPath: m_Pivot.y
      value: 0.5
      objectReference: {fileID: 0}
    - target: {fileID: 7382499276265891213, guid: 642cb25d72c775543b5ec28525f05a27, type: 3}
      propertyPath: m_AnchorMax.x
      value: 0
      objectReference: {fileID: 0}
    - target: {fileID: 7382499276265891213, guid: 642cb25d72c775543b5ec28525f05a27, type: 3}
      propertyPath: m_AnchorMax.y
      value: 0
      objectReference: {fileID: 0}
    - target: {fileID: 7382499276265891213, guid: 642cb25d72c775543b5ec28525f05a27, type: 3}
      propertyPath: m_AnchorMin.x
      value: 0
      objectReference: {fileID: 0}
    - target: {fileID: 7382499276265891213, guid: 642cb25d72c775543b5ec28525f05a27, type: 3}
      propertyPath: m_AnchorMin.y
      value: 0
      objectReference: {fileID: 0}
    - target: {fileID: 7382499276265891213, guid: 642cb25d72c775543b5ec28525f05a27, type: 3}
      propertyPath: m_SizeDelta.x
      value: 1000
      objectReference: {fileID: 0}
    - target: {fileID: 7382499276265891213, guid: 642cb25d72c775543b5ec28525f05a27, type: 3}
      propertyPath: m_SizeDelta.y
      value: 433
      objectReference: {fileID: 0}
    - target: {fileID: 7382499276265891213, guid: 642cb25d72c775543b5ec28525f05a27, type: 3}
      propertyPath: m_LocalPosition.x
      value: 0
      objectReference: {fileID: 0}
    - target: {fileID: 7382499276265891213, guid: 642cb25d72c775543b5ec28525f05a27, type: 3}
      propertyPath: m_LocalPosition.y
      value: 0
      objectReference: {fileID: 0}
    - target: {fileID: 7382499276265891213, guid: 642cb25d72c775543b5ec28525f05a27, type: 3}
      propertyPath: m_LocalPosition.z
      value: 0
      objectReference: {fileID: 0}
    - target: {fileID: 7382499276265891213, guid: 642cb25d72c775543b5ec28525f05a27, type: 3}
      propertyPath: m_LocalRotation.w
      value: 0.64085644
      objectReference: {fileID: 0}
    - target: {fileID: 7382499276265891213, guid: 642cb25d72c775543b5ec28525f05a27, type: 3}
      propertyPath: m_LocalRotation.x
      value: -0.29883623
      objectReference: {fileID: 0}
    - target: {fileID: 7382499276265891213, guid: 642cb25d72c775543b5ec28525f05a27, type: 3}
      propertyPath: m_LocalRotation.y
      value: -0.64085644
      objectReference: {fileID: 0}
    - target: {fileID: 7382499276265891213, guid: 642cb25d72c775543b5ec28525f05a27, type: 3}
      propertyPath: m_LocalRotation.z
      value: -0.29883623
      objectReference: {fileID: 0}
    - target: {fileID: 7382499276265891213, guid: 642cb25d72c775543b5ec28525f05a27, type: 3}
      propertyPath: m_AnchoredPosition.x
      value: 0
      objectReference: {fileID: 0}
    - target: {fileID: 7382499276265891213, guid: 642cb25d72c775543b5ec28525f05a27, type: 3}
      propertyPath: m_AnchoredPosition.y
      value: 2.3
      objectReference: {fileID: 0}
    - target: {fileID: 7382499276265891213, guid: 642cb25d72c775543b5ec28525f05a27, type: 3}
      propertyPath: m_LocalEulerAnglesHint.x
      value: -50
      objectReference: {fileID: 0}
    - target: {fileID: 7382499276265891213, guid: 642cb25d72c775543b5ec28525f05a27, type: 3}
      propertyPath: m_LocalEulerAnglesHint.y
      value: -90
      objectReference: {fileID: 0}
    - target: {fileID: 7382499276265891213, guid: 642cb25d72c775543b5ec28525f05a27, type: 3}
      propertyPath: m_LocalEulerAnglesHint.z
      value: 0
      objectReference: {fileID: 0}
    - target: {fileID: 7882425737501026427, guid: 642cb25d72c775543b5ec28525f05a27, type: 3}
      propertyPath: m_Name
      value: ZombieHealthBar
      objectReference: {fileID: 0}
    - target: {fileID: 7882425737501026427, guid: 642cb25d72c775543b5ec28525f05a27, type: 3}
      propertyPath: m_IsActive
      value: 1
      objectReference: {fileID: 0}
    m_RemovedComponents: []
    m_RemovedGameObjects: []
    m_AddedGameObjects: []
    m_AddedComponents: []
  m_SourcePrefab: {fileID: 100100000, guid: 642cb25d72c775543b5ec28525f05a27, type: 3}
--- !u!224 &957843120477029462 stripped
RectTransform:
  m_CorrespondingSourceObject: {fileID: 7382499276265891213, guid: 642cb25d72c775543b5ec28525f05a27, type: 3}
  m_PrefabInstance: {fileID: 7726231666917499355}
  m_PrefabAsset: {fileID: 0}
--- !u!114 &1273124193907072180 stripped
MonoBehaviour:
  m_CorrespondingSourceObject: {fileID: 8832154192579968367, guid: 642cb25d72c775543b5ec28525f05a27, type: 3}
  m_PrefabInstance: {fileID: 7726231666917499355}
  m_PrefabAsset: {fileID: 0}
  m_GameObject: {fileID: 0}
  m_Enabled: 1
  m_EditorHideFlags: 0
  m_Script: {fileID: 11500000, guid: fe87c0e1cc204ed48ad3b37840f39efc, type: 3}
  m_Name: 
  m_EditorClassIdentifier: 
