%YAML 1.1
%TAG !u! tag:unity3d.com,2011:
--- !u!1 &29387183982215584
GameObject:
  m_ObjectHideFlags: 0
  m_CorrespondingSourceObject: {fileID: 0}
  m_PrefabInstance: {fileID: 0}
  m_PrefabAsset: {fileID: 0}
  serializedVersion: 6
  m_Component:
  - component: {fileID: 5839488105908866218}
  m_Layer: 8
  m_Name: pinky_02_l
  m_TagString: Untagged
  m_Icon: {fileID: 0}
  m_NavMeshLayer: 0
  m_StaticEditorFlags: 0
  m_IsActive: 1
--- !u!4 &5839488105908866218
Transform:
  m_ObjectHideFlags: 0
  m_CorrespondingSourceObject: {fileID: 0}
  m_PrefabInstance: {fileID: 0}
  m_PrefabAsset: {fileID: 0}
  m_GameObject: {fileID: 29387183982215584}
  serializedVersion: 2
  m_LocalRotation: {x: 0.018510409, y: 0.012781699, z: -0.06235466, w: 0.9978006}
  m_LocalPosition: {x: -0.08108732, y: -0.009177471, z: 0.000343635}
  m_LocalScale: {x: 1, y: 1, z: 1}
  m_ConstrainProportionsScale: 0
  m_Children:
  - {fileID: 6202483008254072667}
  m_Father: {fileID: 7032582029429261616}
  m_LocalEulerAnglesHint: {x: 0, y: 0, z: 0}
--- !u!1 &30182945392120125
GameObject:
  m_ObjectHideFlags: 0
  m_CorrespondingSourceObject: {fileID: 0}
  m_PrefabInstance: {fileID: 0}
  m_PrefabAsset: {fileID: 0}
  serializedVersion: 6
  m_Component:
  - component: {fileID: 352254792687027679}
  m_Layer: 8
  m_Name: hand_l
  m_TagString: Untagged
  m_Icon: {fileID: 0}
  m_NavMeshLayer: 0
  m_StaticEditorFlags: 0
  m_IsActive: 1
--- !u!4 &352254792687027679
Transform:
  m_ObjectHideFlags: 0
  m_CorrespondingSourceObject: {fileID: 0}
  m_PrefabInstance: {fileID: 0}
  m_PrefabAsset: {fileID: 0}
  m_GameObject: {fileID: 30182945392120125}
  serializedVersion: 2
  m_LocalRotation: {x: -0.7058083, y: 0.0026590803, z: -0.0007700496, w: 0.7083975}
  m_LocalPosition: {x: -0.23148166, y: -0.0058780536, z: -1.4210854e-16}
  m_LocalScale: {x: 1, y: 1, z: 1}
  m_ConstrainProportionsScale: 0
  m_Children:
  - {fileID: 4181016483430513204}
  - {fileID: 2136015069710428283}
  - {fileID: 7032582029429261616}
  - {fileID: 1475895383291476307}
  - {fileID: 4224109131700422874}
  - {fileID: 6818108286586377614}
  m_Father: {fileID: 4993222314284413196}
  m_LocalEulerAnglesHint: {x: 0, y: 0, z: 0}
--- !u!1 &43815911825432417
GameObject:
  m_ObjectHideFlags: 0
  m_CorrespondingSourceObject: {fileID: 0}
  m_PrefabInstance: {fileID: 0}
  m_PrefabAsset: {fileID: 0}
  serializedVersion: 6
  m_Component:
  - component: {fileID: 5423929068715127115}
  m_Layer: 8
  m_Name: thigh_r
  m_TagString: Untagged
  m_Icon: {fileID: 0}
  m_NavMeshLayer: 0
  m_StaticEditorFlags: 0
  m_IsActive: 1
--- !u!4 &5423929068715127115
Transform:
  m_ObjectHideFlags: 0
  m_CorrespondingSourceObject: {fileID: 0}
  m_PrefabInstance: {fileID: 0}
  m_PrefabAsset: {fileID: 0}
  m_GameObject: {fileID: 43815911825432417}
  serializedVersion: 2
  m_LocalRotation: {x: -0.033845175, y: 0.058045585, z: 0.98895675, w: 0.13209751}
  m_LocalPosition: {x: 0.033303764, y: 0.000121258076, z: 0.124019}
  m_LocalScale: {x: 1, y: 1, z: 1}
  m_ConstrainProportionsScale: 0
  m_Children:
  - {fileID: 1292584812306395157}
  m_Father: {fileID: 30996081039580547}
  m_LocalEulerAnglesHint: {x: 0, y: 0, z: 0}
--- !u!1 &444975537719762939
GameObject:
  m_ObjectHideFlags: 0
  m_CorrespondingSourceObject: {fileID: 0}
  m_PrefabInstance: {fileID: 0}
  m_PrefabAsset: {fileID: 0}
  serializedVersion: 6
  m_Component:
  - component: {fileID: 4933750924263230784}
  m_Layer: 8
  m_Name: upperarm_r
  m_TagString: Untagged
  m_Icon: {fileID: 0}
  m_NavMeshLayer: 0
  m_StaticEditorFlags: 0
  m_IsActive: 1
--- !u!4 &4933750924263230784
Transform:
  m_ObjectHideFlags: 0
  m_CorrespondingSourceObject: {fileID: 0}
  m_PrefabInstance: {fileID: 0}
  m_PrefabAsset: {fileID: 0}
  m_GameObject: {fileID: 444975537719762939}
  serializedVersion: 2
  m_LocalRotation: {x: 0.0024148703, y: 0.03240883, z: -0.062318433, w: 0.99752706}
  m_LocalPosition: {x: 0.10487765, y: 0.000000035551047, z: 0.00000045389456}
  m_LocalScale: {x: 1, y: 1, z: 1}
  m_ConstrainProportionsScale: 0
  m_Children:
  - {fileID: 6774460253392354360}
  m_Father: {fileID: 8285435129968329025}
  m_LocalEulerAnglesHint: {x: 0, y: 0, z: 0}
--- !u!1 &744148279334064220
GameObject:
  m_ObjectHideFlags: 0
  m_CorrespondingSourceObject: {fileID: 0}
  m_PrefabInstance: {fileID: 0}
  m_PrefabAsset: {fileID: 0}
  serializedVersion: 6
  m_Component:
  - component: {fileID: 3841128847998365733}
  m_Layer: 8
  m_Name: weaponShield_l
  m_TagString: Untagged
  m_Icon: {fileID: 0}
  m_NavMeshLayer: 0
  m_StaticEditorFlags: 0
  m_IsActive: 1
--- !u!4 &3841128847998365733
Transform:
  m_ObjectHideFlags: 0
  m_CorrespondingSourceObject: {fileID: 0}
  m_PrefabInstance: {fileID: 0}
  m_PrefabAsset: {fileID: 0}
  m_GameObject: {fileID: 744148279334064220}
  serializedVersion: 2
  m_LocalRotation: {x: 0, y: -0, z: -0, w: 1}
  m_LocalPosition: {x: -0.95630467, y: -0.023688449, z: 0.99997425}
  m_LocalScale: {x: 1, y: 1, z: 1}
  m_ConstrainProportionsScale: 0
  m_Children: []
  m_Father: {fileID: 7114091284588284306}
  m_LocalEulerAnglesHint: {x: 0, y: 0, z: 0}
--- !u!1 &948934800808696712
GameObject:
  m_ObjectHideFlags: 0
  m_CorrespondingSourceObject: {fileID: 0}
  m_PrefabInstance: {fileID: 0}
  m_PrefabAsset: {fileID: 0}
  serializedVersion: 6
  m_Component:
  - component: {fileID: 7020572582105403720}
  m_Layer: 8
  m_Name: ring_02_r
  m_TagString: Untagged
  m_Icon: {fileID: 0}
  m_NavMeshLayer: 0
  m_StaticEditorFlags: 0
  m_IsActive: 1
--- !u!4 &7020572582105403720
Transform:
  m_ObjectHideFlags: 0
  m_CorrespondingSourceObject: {fileID: 0}
  m_PrefabInstance: {fileID: 0}
  m_PrefabAsset: {fileID: 0}
  m_GameObject: {fileID: 948934800808696712}
  serializedVersion: 2
  m_LocalRotation: {x: 0.01603073, y: 0.012626703, z: -0.06238623, w: 0.9978435}
  m_LocalPosition: {x: 0.083920054, y: 0.006063441, z: -0.000102563245}
  m_LocalScale: {x: 1, y: 1, z: 1}
  m_ConstrainProportionsScale: 0
  m_Children:
  - {fileID: 395680914266135367}
  m_Father: {fileID: 2645318530137777666}
  m_LocalEulerAnglesHint: {x: 0, y: 0, z: 0}
--- !u!1 &955274994519341314
GameObject:
  m_ObjectHideFlags: 0
  m_CorrespondingSourceObject: {fileID: 0}
  m_PrefabInstance: {fileID: 0}
  m_PrefabAsset: {fileID: 0}
  serializedVersion: 6
  m_Component:
  - component: {fileID: 6202483008254072667}
  m_Layer: 8
  m_Name: pinky_03_l
  m_TagString: Untagged
  m_Icon: {fileID: 0}
  m_NavMeshLayer: 0
  m_StaticEditorFlags: 0
  m_IsActive: 1
--- !u!4 &6202483008254072667
Transform:
  m_ObjectHideFlags: 0
  m_CorrespondingSourceObject: {fileID: 0}
  m_PrefabInstance: {fileID: 0}
  m_PrefabAsset: {fileID: 0}
  m_GameObject: {fileID: 955274994519341314}
  serializedVersion: 2
  m_LocalRotation: {x: 0, y: -0.00971795, z: -0, w: 0.9999528}
  m_LocalPosition: {x: -0.061373543, y: -0.008336294, z: -0.0023520172}
  m_LocalScale: {x: 1, y: 1, z: 1}
  m_ConstrainProportionsScale: 0
  m_Children: []
  m_Father: {fileID: 5839488105908866218}
  m_LocalEulerAnglesHint: {x: 0, y: 0, z: 0}
--- !u!1 &957565615217486092
GameObject:
  m_ObjectHideFlags: 0
  m_CorrespondingSourceObject: {fileID: 0}
  m_PrefabInstance: {fileID: 0}
  m_PrefabAsset: {fileID: 0}
  serializedVersion: 6
  m_Component:
  - component: {fileID: 3127986231346407783}
  m_Layer: 8
  m_Name: middle_02_r
  m_TagString: Untagged
  m_Icon: {fileID: 0}
  m_NavMeshLayer: 0
  m_StaticEditorFlags: 0
  m_IsActive: 1
--- !u!4 &3127986231346407783
Transform:
  m_ObjectHideFlags: 0
  m_CorrespondingSourceObject: {fileID: 0}
  m_PrefabInstance: {fileID: 0}
  m_PrefabAsset: {fileID: 0}
  m_GameObject: {fileID: 957565615217486092}
  serializedVersion: 2
  m_LocalRotation: {x: 0.018031022, y: -0.0021547193, z: -0.06262624, w: 0.9978719}
  m_LocalPosition: {x: 0.08329754, y: 0.001964982, z: -0.00073727674}
  m_LocalScale: {x: 1, y: 1, z: 1}
  m_ConstrainProportionsScale: 0
  m_Children:
  - {fileID: 7428530717233483968}
  m_Father: {fileID: 8636364087984008054}
  m_LocalEulerAnglesHint: {x: 0, y: 0, z: 0}
--- !u!1 &988834975991104864
GameObject:
  m_ObjectHideFlags: 0
  m_CorrespondingSourceObject: {fileID: 0}
  m_PrefabInstance: {fileID: 0}
  m_PrefabAsset: {fileID: 0}
  serializedVersion: 6
  m_Component:
  - component: {fileID: 4450105151673111375}
  m_Layer: 8
  m_Name: pinky_03_r
  m_TagString: Untagged
  m_Icon: {fileID: 0}
  m_NavMeshLayer: 0
  m_StaticEditorFlags: 0
  m_IsActive: 1
--- !u!4 &4450105151673111375
Transform:
  m_ObjectHideFlags: 0
  m_CorrespondingSourceObject: {fileID: 0}
  m_PrefabInstance: {fileID: 0}
  m_PrefabAsset: {fileID: 0}
  m_GameObject: {fileID: 988834975991104864}
  serializedVersion: 2
  m_LocalRotation: {x: 0.000000010536215, y: -0.00971795, z: 1.0239524e-10, w: 0.9999528}
  m_LocalPosition: {x: 0.0613775, y: 0.00833596, z: 0.0023520985}
  m_LocalScale: {x: 1, y: 1, z: 1}
  m_ConstrainProportionsScale: 0
  m_Children: []
  m_Father: {fileID: 4151523184967384484}
  m_LocalEulerAnglesHint: {x: 0, y: 0, z: 0}
--- !u!1 &1012610111391175365
GameObject:
  m_ObjectHideFlags: 0
  m_CorrespondingSourceObject: {fileID: 0}
  m_PrefabInstance: {fileID: 0}
  m_PrefabAsset: {fileID: 0}
  serializedVersion: 6
  m_Component:
  - component: {fileID: 8636364087984008054}
  m_Layer: 8
  m_Name: middle_01_r
  m_TagString: Untagged
  m_Icon: {fileID: 0}
  m_NavMeshLayer: 0
  m_StaticEditorFlags: 0
  m_IsActive: 1
--- !u!4 &8636364087984008054
Transform:
  m_ObjectHideFlags: 0
  m_CorrespondingSourceObject: {fileID: 0}
  m_PrefabInstance: {fileID: 0}
  m_PrefabAsset: {fileID: 0}
  m_GameObject: {fileID: 1012610111391175365}
  serializedVersion: 2
  m_LocalRotation: {x: 0.025988234, y: 0.02005915, z: -0.084797114, w: 0.9958573}
  m_LocalPosition: {x: 0.12867674, y: 0.027608233, z: 0.00898686}
  m_LocalScale: {x: 1, y: 1, z: 1}
  m_ConstrainProportionsScale: 0
  m_Children:
  - {fileID: 3127986231346407783}
  m_Father: {fileID: 1852841259550828477}
  m_LocalEulerAnglesHint: {x: 0, y: 0, z: 0}
--- !u!1 &1117181207358850934
GameObject:
  m_ObjectHideFlags: 0
  m_CorrespondingSourceObject: {fileID: 0}
  m_PrefabInstance: {fileID: 0}
  m_PrefabAsset: {fileID: 0}
  serializedVersion: 6
  m_Component:
  - component: {fileID: 2645318530137777666}
  m_Layer: 8
  m_Name: ring_01_r
  m_TagString: Untagged
  m_Icon: {fileID: 0}
  m_NavMeshLayer: 0
  m_StaticEditorFlags: 0
  m_IsActive: 1
--- !u!4 &2645318530137777666
Transform:
  m_ObjectHideFlags: 0
  m_CorrespondingSourceObject: {fileID: 0}
  m_PrefabInstance: {fileID: 0}
  m_PrefabAsset: {fileID: 0}
  m_GameObject: {fileID: 1117181207358850934}
  serializedVersion: 2
  m_LocalRotation: {x: -0.0024619617, y: 0.00402122, z: -0.08587072, w: 0.99629515}
  m_LocalPosition: {x: 0.12710658, y: 0.029328601, z: -0.03857795}
  m_LocalScale: {x: 1, y: 1, z: 1}
  m_ConstrainProportionsScale: 0
  m_Children:
  - {fileID: 7020572582105403720}
  m_Father: {fileID: 1852841259550828477}
  m_LocalEulerAnglesHint: {x: 0, y: 0, z: 0}
--- !u!1 &1165328501656924180
GameObject:
  m_ObjectHideFlags: 0
  m_CorrespondingSourceObject: {fileID: 0}
  m_PrefabInstance: {fileID: 0}
  m_PrefabAsset: {fileID: 0}
  serializedVersion: 6
  m_Component:
  - component: {fileID: 9210863489150038733}
  - component: {fileID: 4151046878581463699}
  - component: {fileID: 2894990316709734045}
  - component: {fileID: 2588082364346278110}
  - component: {fileID: 9103580047947457867}
  m_Layer: 8
  m_Name: Hero4
  m_TagString: Hero
  m_Icon: {fileID: 0}
  m_NavMeshLayer: 0
  m_StaticEditorFlags: 0
  m_IsActive: 1
--- !u!4 &9210863489150038733
Transform:
  m_ObjectHideFlags: 0
  m_CorrespondingSourceObject: {fileID: 0}
  m_PrefabInstance: {fileID: 0}
  m_PrefabAsset: {fileID: 0}
  m_GameObject: {fileID: 1165328501656924180}
  serializedVersion: 2
  m_LocalRotation: {x: 0, y: 0, z: 0, w: 1}
  m_LocalPosition: {x: 0, y: 0, z: 0}
  m_LocalScale: {x: 0.4, y: 0.4, z: 0.4}
  m_ConstrainProportionsScale: 1
  m_Children:
  - {fileID: 7114091284588284306}
  - {fileID: 8922721240901144741}
  - {fileID: 4860997501248977994}
  - {fileID: 7434359784606270013}
  m_Father: {fileID: 0}
  m_LocalEulerAnglesHint: {x: 0, y: 0, z: 0}
--- !u!95 &4151046878581463699
Animator:
  serializedVersion: 5
  m_ObjectHideFlags: 0
  m_CorrespondingSourceObject: {fileID: 0}
  m_PrefabInstance: {fileID: 0}
  m_PrefabAsset: {fileID: 0}
  m_GameObject: {fileID: 1165328501656924180}
  m_Enabled: 1
  m_Avatar: {fileID: 9000000, guid: 9ce6002518e821e43b4f97c76700fbac, type: 3}
  m_Controller: {fileID: 9100000, guid: 63064a43c6f1bf44aa06b0a2f573c89b, type: 2}
  m_CullingMode: 1
  m_UpdateMode: 0
  m_ApplyRootMotion: 1
  m_LinearVelocityBlending: 0
  m_StabilizeFeet: 0
  m_WarningMessage: 
  m_HasTransformHierarchy: 1
  m_AllowConstantClipSamplingOptimization: 1
  m_KeepAnimatorStateOnDisable: 0
  m_WriteDefaultValuesOnDisable: 0
--- !u!65 &2894990316709734045
BoxCollider:
  m_ObjectHideFlags: 0
  m_CorrespondingSourceObject: {fileID: 0}
  m_PrefabInstance: {fileID: 0}
  m_PrefabAsset: {fileID: 0}
  m_GameObject: {fileID: 1165328501656924180}
  m_Material: {fileID: 0}
  m_IncludeLayers:
    serializedVersion: 2
    m_Bits: 0
  m_ExcludeLayers:
    serializedVersion: 2
    m_Bits: 0
  m_LayerOverridePriority: 0
  m_IsTrigger: 0
  m_ProvidesContacts: 0
  m_Enabled: 1
  serializedVersion: 3
  m_Size: {x: 1, y: 1, z: 1}
  m_Center: {x: 0, y: 0, z: 0}
--- !u!114 &2588082364346278110
MonoBehaviour:
  m_ObjectHideFlags: 0
  m_CorrespondingSourceObject: {fileID: 0}
  m_PrefabInstance: {fileID: 0}
  m_PrefabAsset: {fileID: 0}
  m_GameObject: {fileID: 1165328501656924180}
  m_Enabled: 1
  m_EditorHideFlags: 0
  m_Script: {fileID: 11500000, guid: ab4a594c6f051034cb350c162cc5891a, type: 3}
  m_Name: 
  m_EditorClassIdentifier: 
  healthBar: {fileID: 6887202241055106216}
  shootMark:
    serializedVersion: 2
    m_Bits: 128
  takeDamageEffect: {fileID: 100000, guid: 276cc2cc9f3b04649b9e7a8c2956f86c, type: 3}
  takeDamageEffectPos: {fileID: 6180653522499842766}
  shootOrigin: {fileID: 0}
  lineRenderer: {fileID: 0}
  impactEffect: {fileID: 0}
  impactLight: {fileID: 0}
--- !u!114 &9103580047947457867
MonoBehaviour:
  m_ObjectHideFlags: 0
  m_CorrespondingSourceObject: {fileID: 0}
  m_PrefabInstance: {fileID: 0}
  m_PrefabAsset: {fileID: 0}
  m_GameObject: {fileID: 1165328501656924180}
  m_Enabled: 1
  m_EditorHideFlags: 0
  m_Script: {fileID: 11500000, guid: 292525178455a4d458328c6f4607ec62, type: 3}
  m_Name: 
  m_EditorClassIdentifier: 
  heroModel:
    heroPrefab: {fileID: 0}
    heroHealth: 0
    range: 0
    damage: 0
    speedAttack: 0
    cost: 0
    bulletModel:
      prefab: {fileID: 0}
      damage: 0
      speed: 0
  heroView: {fileID: 0}
  animator: {fileID: 0}
  audioManager: {fileID: 0}
  isTargetSeen: 0
--- !u!1 &1185658294681409380
GameObject:
  m_ObjectHideFlags: 0
  m_CorrespondingSourceObject: {fileID: 0}
  m_PrefabInstance: {fileID: 0}
  m_PrefabAsset: {fileID: 0}
  serializedVersion: 6
  m_Component:
  - component: {fileID: 4437913511459002894}
  m_Layer: 8
  m_Name: thumb_02_r
  m_TagString: Untagged
  m_Icon: {fileID: 0}
  m_NavMeshLayer: 0
  m_StaticEditorFlags: 0
  m_IsActive: 1
--- !u!4 &4437913511459002894
Transform:
  m_ObjectHideFlags: 0
  m_CorrespondingSourceObject: {fileID: 0}
  m_PrefabInstance: {fileID: 0}
  m_PrefabAsset: {fileID: 0}
  m_GameObject: {fileID: 1185658294681409380}
  serializedVersion: 2
  m_LocalRotation: {x: -0.028036213, y: -0.05565712, z: -0.11530924, w: 0.9913728}
  m_LocalPosition: {x: 0.07970437, y: -0.0000002787339, z: 0.0000032313005}
  m_LocalScale: {x: 1, y: 1, z: 1}
  m_ConstrainProportionsScale: 0
  m_Children:
  - {fileID: 6860659934112559070}
  m_Father: {fileID: 8342124764570117466}
  m_LocalEulerAnglesHint: {x: 0, y: 0, z: 0}
--- !u!1 &1264764561223672728
GameObject:
  m_ObjectHideFlags: 0
  m_CorrespondingSourceObject: {fileID: 0}
  m_PrefabInstance: {fileID: 0}
  m_PrefabAsset: {fileID: 0}
  serializedVersion: 6
  m_Component:
  - component: {fileID: 5772287943136145651}
  m_Layer: 8
  m_Name: middle_03_l
  m_TagString: Untagged
  m_Icon: {fileID: 0}
  m_NavMeshLayer: 0
  m_StaticEditorFlags: 0
  m_IsActive: 1
--- !u!4 &5772287943136145651
Transform:
  m_ObjectHideFlags: 0
  m_CorrespondingSourceObject: {fileID: 0}
  m_PrefabInstance: {fileID: 0}
  m_PrefabAsset: {fileID: 0}
  m_GameObject: {fileID: 1264764561223672728}
  serializedVersion: 2
  m_LocalRotation: {x: 0, y: -0.0062976107, z: -0, w: 0.9999802}
  m_LocalPosition: {x: -0.07866352, y: -0.014501577, z: -0.00086684374}
  m_LocalScale: {x: 1, y: 1, z: 1}
  m_ConstrainProportionsScale: 0
  m_Children: []
  m_Father: {fileID: 1058437488705964436}
  m_LocalEulerAnglesHint: {x: 0, y: 0, z: 0}
--- !u!1 &1382342668990316891
GameObject:
  m_ObjectHideFlags: 0
  m_CorrespondingSourceObject: {fileID: 0}
  m_PrefabInstance: {fileID: 0}
  m_PrefabAsset: {fileID: 0}
  serializedVersion: 6
  m_Component:
  - component: {fileID: 1475895383291476307}
  m_Layer: 8
  m_Name: ring_01_l
  m_TagString: Untagged
  m_Icon: {fileID: 0}
  m_NavMeshLayer: 0
  m_StaticEditorFlags: 0
  m_IsActive: 1
--- !u!4 &1475895383291476307
Transform:
  m_ObjectHideFlags: 0
  m_CorrespondingSourceObject: {fileID: 0}
  m_PrefabInstance: {fileID: 0}
  m_PrefabAsset: {fileID: 0}
  m_GameObject: {fileID: 1382342668990316891}
  serializedVersion: 2
  m_LocalRotation: {x: -0.0024619617, y: 0.00402122, z: -0.08587072, w: 0.99629515}
  m_LocalPosition: {x: -0.12710693, y: -0.029330483, z: 0.03857797}
  m_LocalScale: {x: 1, y: 1, z: 1}
  m_ConstrainProportionsScale: 0
  m_Children:
  - {fileID: 3540198944590956536}
  m_Father: {fileID: 352254792687027679}
  m_LocalEulerAnglesHint: {x: 0, y: 0, z: 0}
--- !u!1 &1396472534525816886
GameObject:
  m_ObjectHideFlags: 0
  m_CorrespondingSourceObject: {fileID: 0}
  m_PrefabInstance: {fileID: 0}
  m_PrefabAsset: {fileID: 0}
  serializedVersion: 6
  m_Component:
  - component: {fileID: 3695911314266320784}
  m_Layer: 8
  m_Name: index_02_r
  m_TagString: Untagged
  m_Icon: {fileID: 0}
  m_NavMeshLayer: 0
  m_StaticEditorFlags: 0
  m_IsActive: 1
--- !u!4 &3695911314266320784
Transform:
  m_ObjectHideFlags: 0
  m_CorrespondingSourceObject: {fileID: 0}
  m_PrefabInstance: {fileID: 0}
  m_PrefabAsset: {fileID: 0}
  m_GameObject: {fileID: 1396472534525816886}
  serializedVersion: 2
  m_LocalRotation: {x: 0.0012414171, y: -0.003930288, z: -0.062582195, w: 0.9980313}
  m_LocalPosition: {x: 0.08107022, y: 0.006437425, z: 0.0019825385}
  m_LocalScale: {x: 1, y: 1, z: 1}
  m_ConstrainProportionsScale: 0
  m_Children:
  - {fileID: 4636122954125404854}
  m_Father: {fileID: 1933385990641304504}
  m_LocalEulerAnglesHint: {x: 0, y: 0, z: 0}
--- !u!1 &1428914788192059147
GameObject:
  m_ObjectHideFlags: 0
  m_CorrespondingSourceObject: {fileID: 0}
  m_PrefabInstance: {fileID: 0}
  m_PrefabAsset: {fileID: 0}
  serializedVersion: 6
  m_Component:
  - component: {fileID: 9202172155892637787}
  m_Layer: 8
  m_Name: thigh_l
  m_TagString: Untagged
  m_Icon: {fileID: 0}
  m_NavMeshLayer: 0
  m_StaticEditorFlags: 0
  m_IsActive: 1
--- !u!4 &9202172155892637787
Transform:
  m_ObjectHideFlags: 0
  m_CorrespondingSourceObject: {fileID: 0}
  m_PrefabInstance: {fileID: 0}
  m_PrefabAsset: {fileID: 0}
  m_GameObject: {fileID: 1428914788192059147}
  serializedVersion: 2
  m_LocalRotation: {x: 0.058019154, y: 0.033847246, z: -0.13209622, w: 0.9889584}
  m_LocalPosition: {x: 0.03330361, y: 0.00012129387, z: -0.124018505}
  m_LocalScale: {x: 1, y: 1, z: 1}
  m_ConstrainProportionsScale: 0
  m_Children:
  - {fileID: 5441179379322087554}
  m_Father: {fileID: 30996081039580547}
  m_LocalEulerAnglesHint: {x: 0, y: 0, z: 0}
--- !u!1 &2180299737030244011
GameObject:
  m_ObjectHideFlags: 0
  m_CorrespondingSourceObject: {fileID: 0}
  m_PrefabInstance: {fileID: 0}
  m_PrefabAsset: {fileID: 0}
  serializedVersion: 6
  m_Component:
  - component: {fileID: 7451856569446508353}
  m_Layer: 8
  m_Name: weaponShield_r
  m_TagString: Untagged
  m_Icon: {fileID: 0}
  m_NavMeshLayer: 0
  m_StaticEditorFlags: 0
  m_IsActive: 1
--- !u!4 &7451856569446508353
Transform:
  m_ObjectHideFlags: 0
  m_CorrespondingSourceObject: {fileID: 0}
  m_PrefabInstance: {fileID: 0}
  m_PrefabAsset: {fileID: 0}
  m_GameObject: {fileID: 2180299737030244011}
  serializedVersion: 2
  m_LocalRotation: {x: 0, y: -0, z: -0, w: 1}
  m_LocalPosition: {x: 0.95630497, y: -0.023688473, z: 0.99997395}
  m_LocalScale: {x: 1, y: 1, z: 1}
  m_ConstrainProportionsScale: 0
  m_Children: []
  m_Father: {fileID: 7114091284588284306}
  m_LocalEulerAnglesHint: {x: 0, y: 0, z: 0}
--- !u!1 &2274848610937207807
GameObject:
  m_ObjectHideFlags: 0
  m_CorrespondingSourceObject: {fileID: 0}
  m_PrefabInstance: {fileID: 0}
  m_PrefabAsset: {fileID: 0}
  serializedVersion: 6
  m_Component:
  - component: {fileID: 5229958297125443730}
  m_Layer: 8
  m_Name: ball_r
  m_TagString: Untagged
  m_Icon: {fileID: 0}
  m_NavMeshLayer: 0
  m_StaticEditorFlags: 0
  m_IsActive: 1
--- !u!4 &5229958297125443730
Transform:
  m_ObjectHideFlags: 0
  m_CorrespondingSourceObject: {fileID: 0}
  m_PrefabInstance: {fileID: 0}
  m_PrefabAsset: {fileID: 0}
  m_GameObject: {fileID: 2274848610937207807}
  serializedVersion: 2
  m_LocalRotation: {x: 0.0030611525, y: -0.008212709, z: 0.7100026, w: 0.70414454}
  m_LocalPosition: {x: -0.009710754, y: 0.20057446, z: 0.015014973}
  m_LocalScale: {x: 1, y: 1, z: 1}
  m_ConstrainProportionsScale: 0
  m_Children: []
  m_Father: {fileID: 2428745247543683092}
  m_LocalEulerAnglesHint: {x: 0, y: 0, z: 0}
--- !u!1 &2428363966029169867
GameObject:
  m_ObjectHideFlags: 0
  m_CorrespondingSourceObject: {fileID: 0}
  m_PrefabInstance: {fileID: 0}
  m_PrefabAsset: {fileID: 0}
  serializedVersion: 6
  m_Component:
  - component: {fileID: 6818108286586377614}
  - component: {fileID: 7307438267925581145}
  - component: {fileID: 5309810021861952520}
  m_Layer: 8
  m_Name: Shield
  m_TagString: Untagged
  m_Icon: {fileID: 0}
  m_NavMeshLayer: 0
  m_StaticEditorFlags: 0
  m_IsActive: 1
--- !u!4 &6818108286586377614
Transform:
  m_ObjectHideFlags: 0
  m_CorrespondingSourceObject: {fileID: 0}
  m_PrefabInstance: {fileID: 0}
  m_PrefabAsset: {fileID: 0}
  m_GameObject: {fileID: 2428363966029169867}
  serializedVersion: 2
  m_LocalRotation: {x: 0.70580983, y: -0.0022091595, z: 0.00031848383, w: 0.70839787}
  m_LocalPosition: {x: -0.14057845, y: -0.04058702, z: 0.0068397}
  m_LocalScale: {x: 1, y: 1, z: 1}
  m_ConstrainProportionsScale: 0
  m_Children: []
  m_Father: {fileID: 352254792687027679}
  m_LocalEulerAnglesHint: {x: 0, y: 0, z: 0}
--- !u!33 &7307438267925581145
MeshFilter:
  m_ObjectHideFlags: 0
  m_CorrespondingSourceObject: {fileID: 0}
  m_PrefabInstance: {fileID: 0}
  m_PrefabAsset: {fileID: 0}
  m_GameObject: {fileID: 2428363966029169867}
  m_Mesh: {fileID: 4300000, guid: 9d34b073abce58249a1f664619a13aaa, type: 3}
--- !u!23 &5309810021861952520
MeshRenderer:
  m_ObjectHideFlags: 0
  m_CorrespondingSourceObject: {fileID: 0}
  m_PrefabInstance: {fileID: 0}
  m_PrefabAsset: {fileID: 0}
  m_GameObject: {fileID: 2428363966029169867}
  m_Enabled: 1
  m_CastShadows: 1
  m_ReceiveShadows: 1
  m_DynamicOccludee: 1
  m_StaticShadowCaster: 0
  m_MotionVectors: 1
  m_LightProbeUsage: 1
  m_ReflectionProbeUsage: 1
  m_RayTracingMode: 2
  m_RayTraceProcedural: 0
  m_RenderingLayerMask: 1
  m_RendererPriority: 0
  m_Materials:
  - {fileID: 2100000, guid: c12dcb13975c4f046aeb892393f83184, type: 2}
  m_StaticBatchInfo:
    firstSubMesh: 0
    subMeshCount: 0
  m_StaticBatchRoot: {fileID: 0}
  m_ProbeAnchor: {fileID: 0}
  m_LightProbeVolumeOverride: {fileID: 0}
  m_ScaleInLightmap: 1
  m_ReceiveGI: 1
  m_PreserveUVs: 0
  m_IgnoreNormalsForChartDetection: 0
  m_ImportantGI: 0
  m_StitchLightmapSeams: 1
  m_SelectedEditorRenderState: 3
  m_MinimumChartSize: 4
  m_AutoUVMaxDistance: 0.5
  m_AutoUVMaxAngle: 89
  m_LightmapParameters: {fileID: 0}
  m_SortingLayerID: 0
  m_SortingLayer: 0
  m_SortingOrder: 0
  m_AdditionalVertexStreams: {fileID: 0}
--- !u!1 &2615303862254677791
GameObject:
  m_ObjectHideFlags: 0
  m_CorrespondingSourceObject: {fileID: 0}
  m_PrefabInstance: {fileID: 0}
  m_PrefabAsset: {fileID: 0}
  serializedVersion: 6
  m_Component:
  - component: {fileID: 7570044074957510234}
  - component: {fileID: 772611989209978269}
  - component: {fileID: 2778995057579523465}
  m_Layer: 8
  m_Name: Sword
  m_TagString: Untagged
  m_Icon: {fileID: 0}
  m_NavMeshLayer: 0
  m_StaticEditorFlags: 0
  m_IsActive: 0
--- !u!4 &7570044074957510234
Transform:
  m_ObjectHideFlags: 0
  m_CorrespondingSourceObject: {fileID: 0}
  m_PrefabInstance: {fileID: 0}
  m_PrefabAsset: {fileID: 0}
  m_GameObject: {fileID: 2615303862254677791}
  serializedVersion: 2
  m_LocalRotation: {x: -0.70839787, y: -0.00031848613, z: -0.0022091607, w: 0.7058099}
  m_LocalPosition: {x: 0.11881603, y: -0.026984178, z: 0.007319052}
  m_LocalScale: {x: 1, y: 1, z: 1}
  m_ConstrainProportionsScale: 0
  m_Children: []
  m_Father: {fileID: 1852841259550828477}
  m_LocalEulerAnglesHint: {x: 0, y: 0, z: 0}
--- !u!33 &772611989209978269
MeshFilter:
  m_ObjectHideFlags: 0
  m_CorrespondingSourceObject: {fileID: 0}
  m_PrefabInstance: {fileID: 0}
  m_PrefabAsset: {fileID: 0}
  m_GameObject: {fileID: 2615303862254677791}
  m_Mesh: {fileID: 4300000, guid: 64564c9f5e409974297b87494cbe4731, type: 3}
--- !u!23 &2778995057579523465
MeshRenderer:
  m_ObjectHideFlags: 0
  m_CorrespondingSourceObject: {fileID: 0}
  m_PrefabInstance: {fileID: 0}
  m_PrefabAsset: {fileID: 0}
  m_GameObject: {fileID: 2615303862254677791}
  m_Enabled: 1
  m_CastShadows: 1
  m_ReceiveShadows: 1
  m_DynamicOccludee: 1
  m_StaticShadowCaster: 0
  m_MotionVectors: 1
  m_LightProbeUsage: 1
  m_ReflectionProbeUsage: 1
  m_RayTracingMode: 2
  m_RayTraceProcedural: 0
  m_RenderingLayerMask: 1
  m_RendererPriority: 0
  m_Materials:
  - {fileID: 2100000, guid: c12dcb13975c4f046aeb892393f83184, type: 2}
  m_StaticBatchInfo:
    firstSubMesh: 0
    subMeshCount: 0
  m_StaticBatchRoot: {fileID: 0}
  m_ProbeAnchor: {fileID: 0}
  m_LightProbeVolumeOverride: {fileID: 0}
  m_ScaleInLightmap: 1
  m_ReceiveGI: 1
  m_PreserveUVs: 0
  m_IgnoreNormalsForChartDetection: 0
  m_ImportantGI: 0
  m_StitchLightmapSeams: 1
  m_SelectedEditorRenderState: 3
  m_MinimumChartSize: 4
  m_AutoUVMaxDistance: 0.5
  m_AutoUVMaxAngle: 89
  m_LightmapParameters: {fileID: 0}
  m_SortingLayerID: 0
  m_SortingLayer: 0
  m_SortingOrder: 0
  m_AdditionalVertexStreams: {fileID: 0}
--- !u!1 &2684980766812703377
GameObject:
  m_ObjectHideFlags: 0
  m_CorrespondingSourceObject: {fileID: 0}
  m_PrefabInstance: {fileID: 0}
  m_PrefabAsset: {fileID: 0}
  serializedVersion: 6
  m_Component:
  - component: {fileID: 5929024327701235961}
  m_Layer: 8
  m_Name: spine_01
  m_TagString: Untagged
  m_Icon: {fileID: 0}
  m_NavMeshLayer: 0
  m_StaticEditorFlags: 0
  m_IsActive: 1
--- !u!4 &5929024327701235961
Transform:
  m_ObjectHideFlags: 0
  m_CorrespondingSourceObject: {fileID: 0}
  m_PrefabInstance: {fileID: 0}
  m_PrefabAsset: {fileID: 0}
  m_GameObject: {fileID: 2684980766812703377}
  serializedVersion: 2
  m_LocalRotation: {x: -5.1098166e-17, y: -1.6211398e-16, z: -0.05785565, w: 0.998325}
  m_LocalPosition: {x: -0.12213885, y: 0.0015710504, z: 1.5622067e-17}
  m_LocalScale: {x: 1, y: 1, z: 1}
  m_ConstrainProportionsScale: 0
  m_Children:
  - {fileID: 8218619346012121016}
  m_Father: {fileID: 30996081039580547}
  m_LocalEulerAnglesHint: {x: 0, y: 0, z: 0}
--- !u!1 &2713338512227590244
GameObject:
  m_ObjectHideFlags: 0
  m_CorrespondingSourceObject: {fileID: 0}
  m_PrefabInstance: {fileID: 0}
  m_PrefabAsset: {fileID: 0}
  serializedVersion: 6
  m_Component:
  - component: {fileID: 8806862814168486370}
  m_Layer: 8
  m_Name: ball_l
  m_TagString: Untagged
  m_Icon: {fileID: 0}
  m_NavMeshLayer: 0
  m_StaticEditorFlags: 0
  m_IsActive: 1
--- !u!4 &8806862814168486370
Transform:
  m_ObjectHideFlags: 0
  m_CorrespondingSourceObject: {fileID: 0}
  m_PrefabInstance: {fileID: 0}
  m_PrefabAsset: {fileID: 0}
  m_GameObject: {fileID: 2713338512227590244}
  serializedVersion: 2
  m_LocalRotation: {x: 0.0030611525, y: -0.008212709, z: 0.7100026, w: 0.70414454}
  m_LocalPosition: {x: 0.00971081, y: -0.20057398, z: -0.015015676}
  m_LocalScale: {x: 1, y: 1, z: 1}
  m_ConstrainProportionsScale: 0
  m_Children: []
  m_Father: {fileID: 7010837965742007087}
  m_LocalEulerAnglesHint: {x: 0, y: 0, z: 0}
--- !u!1 &2749636581430791438
GameObject:
  m_ObjectHideFlags: 0
  m_CorrespondingSourceObject: {fileID: 0}
  m_PrefabInstance: {fileID: 0}
  m_PrefabAsset: {fileID: 0}
  serializedVersion: 6
  m_Component:
  - component: {fileID: 5441179379322087554}
  m_Layer: 8
  m_Name: calf_l
  m_TagString: Untagged
  m_Icon: {fileID: 0}
  m_NavMeshLayer: 0
  m_StaticEditorFlags: 0
  m_IsActive: 1
--- !u!4 &5441179379322087554
Transform:
  m_ObjectHideFlags: 0
  m_CorrespondingSourceObject: {fileID: 0}
  m_PrefabInstance: {fileID: 0}
  m_PrefabAsset: {fileID: 0}
  m_GameObject: {fileID: 2749636581430791438}
  serializedVersion: 2
  m_LocalRotation: {x: -0.009955104, y: -0.002821651, z: 0.010788465, w: 0.9998883}
  m_LocalPosition: {x: 0.2615162, y: -0.00004654807, z: -0.003230172}
  m_LocalScale: {x: 1, y: 1, z: 1}
  m_ConstrainProportionsScale: 0
  m_Children:
  - {fileID: 7010837965742007087}
  m_Father: {fileID: 9202172155892637787}
  m_LocalEulerAnglesHint: {x: 0, y: 0, z: 0}
--- !u!1 &2752684836376796235
GameObject:
  m_ObjectHideFlags: 0
  m_CorrespondingSourceObject: {fileID: 0}
  m_PrefabInstance: {fileID: 0}
  m_PrefabAsset: {fileID: 0}
  serializedVersion: 6
  m_Component:
  - component: {fileID: 2536470080960774135}
  m_Layer: 8
  m_Name: weaponPosition_l
  m_TagString: Untagged
  m_Icon: {fileID: 0}
  m_NavMeshLayer: 0
  m_StaticEditorFlags: 0
  m_IsActive: 1
--- !u!4 &2536470080960774135
Transform:
  m_ObjectHideFlags: 0
  m_CorrespondingSourceObject: {fileID: 0}
  m_PrefabInstance: {fileID: 0}
  m_PrefabAsset: {fileID: 0}
  m_GameObject: {fileID: 2752684836376796235}
  serializedVersion: 2
  m_LocalRotation: {x: 0, y: -0, z: -0, w: 1}
  m_LocalPosition: {x: -0.2877785, y: 0.009525661, z: 0.02205377}
  m_LocalScale: {x: 1, y: 1, z: 1}
  m_ConstrainProportionsScale: 0
  m_Children: []
  m_Father: {fileID: 2288670206205472923}
  m_LocalEulerAnglesHint: {x: 0, y: 0, z: 0}
--- !u!1 &2984222395522683630
GameObject:
  m_ObjectHideFlags: 0
  m_CorrespondingSourceObject: {fileID: 0}
  m_PrefabInstance: {fileID: 0}
  m_PrefabAsset: {fileID: 0}
  serializedVersion: 6
  m_Component:
  - component: {fileID: 4636122954125404854}
  m_Layer: 8
  m_Name: index_03_r
  m_TagString: Untagged
  m_Icon: {fileID: 0}
  m_NavMeshLayer: 0
  m_StaticEditorFlags: 0
  m_IsActive: 1
--- !u!4 &4636122954125404854
Transform:
  m_ObjectHideFlags: 0
  m_CorrespondingSourceObject: {fileID: 0}
  m_PrefabInstance: {fileID: 0}
  m_PrefabAsset: {fileID: 0}
  m_GameObject: {fileID: 2984222395522683630}
  serializedVersion: 2
  m_LocalRotation: {x: 0.019108133, y: -0.021374207, z: 0.0004085892, w: 0.99958885}
  m_LocalPosition: {x: 0.06657965, y: 0.010168093, z: 0.0034637707}
  m_LocalScale: {x: 1, y: 1, z: 1}
  m_ConstrainProportionsScale: 0
  m_Children: []
  m_Father: {fileID: 3695911314266320784}
  m_LocalEulerAnglesHint: {x: 0, y: 0, z: 0}
--- !u!1 &3034626963873139825
GameObject:
  m_ObjectHideFlags: 0
  m_CorrespondingSourceObject: {fileID: 0}
  m_PrefabInstance: {fileID: 0}
  m_PrefabAsset: {fileID: 0}
  serializedVersion: 6
  m_Component:
  - component: {fileID: 351434224190586291}
  m_Layer: 8
  m_Name: ring_03_l
  m_TagString: Untagged
  m_Icon: {fileID: 0}
  m_NavMeshLayer: 0
  m_StaticEditorFlags: 0
  m_IsActive: 1
--- !u!4 &351434224190586291
Transform:
  m_ObjectHideFlags: 0
  m_CorrespondingSourceObject: {fileID: 0}
  m_PrefabInstance: {fileID: 0}
  m_PrefabAsset: {fileID: 0}
  m_GameObject: {fileID: 3034626963873139825}
  serializedVersion: 2
  m_LocalRotation: {x: 0, y: -0.00971795, z: -0, w: 0.9999528}
  m_LocalPosition: {x: -0.07046852, y: -0.011599205, z: -0.0031857304}
  m_LocalScale: {x: 1, y: 1, z: 1}
  m_ConstrainProportionsScale: 0
  m_Children: []
  m_Father: {fileID: 3540198944590956536}
  m_LocalEulerAnglesHint: {x: 0, y: 0, z: 0}
--- !u!1 &3201889309636998350
GameObject:
  m_ObjectHideFlags: 0
  m_CorrespondingSourceObject: {fileID: 0}
  m_PrefabInstance: {fileID: 0}
  m_PrefabAsset: {fileID: 0}
  serializedVersion: 6
  m_Component:
  - component: {fileID: 4993222314284413196}
  m_Layer: 8
  m_Name: lowerarm_l
  m_TagString: Untagged
  m_Icon: {fileID: 0}
  m_NavMeshLayer: 0
  m_StaticEditorFlags: 0
  m_IsActive: 1
--- !u!4 &4993222314284413196
Transform:
  m_ObjectHideFlags: 0
  m_CorrespondingSourceObject: {fileID: 0}
  m_PrefabInstance: {fileID: 0}
  m_PrefabAsset: {fileID: 0}
  m_GameObject: {fileID: 3201889309636998350}
  serializedVersion: 2
  m_LocalRotation: {x: -5.905942e-31, y: -5.407758e-29, z: -0.005354126, w: 0.9999857}
  m_LocalPosition: {x: -0.35835242, y: 0.020167653, z: 2.842171e-16}
  m_LocalScale: {x: 1, y: 1, z: 1}
  m_ConstrainProportionsScale: 0
  m_Children:
  - {fileID: 352254792687027679}
  m_Father: {fileID: 1495691063808050236}
  m_LocalEulerAnglesHint: {x: 0, y: 0, z: 0}
--- !u!1 &3332201882253952443
GameObject:
  m_ObjectHideFlags: 0
  m_CorrespondingSourceObject: {fileID: 0}
  m_PrefabInstance: {fileID: 0}
  m_PrefabAsset: {fileID: 0}
  serializedVersion: 6
  m_Component:
  - component: {fileID: 1364446373829846132}
  m_Layer: 8
  m_Name: clavicle_l
  m_TagString: Untagged
  m_Icon: {fileID: 0}
  m_NavMeshLayer: 0
  m_StaticEditorFlags: 0
  m_IsActive: 1
--- !u!4 &1364446373829846132
Transform:
  m_ObjectHideFlags: 0
  m_CorrespondingSourceObject: {fileID: 0}
  m_PrefabInstance: {fileID: 0}
  m_PrefabAsset: {fileID: 0}
  m_GameObject: {fileID: 3332201882253952443}
  serializedVersion: 2
  m_LocalRotation: {x: 0.017211089, y: -0.7295103, z: 0.10917408, w: 0.6749811}
  m_LocalPosition: {x: -0.071298495, y: 0.0023772735, z: -0.094934195}
  m_LocalScale: {x: 1, y: 1, z: 1}
  m_ConstrainProportionsScale: 0
  m_Children:
  - {fileID: 6156674380165806436}
  - {fileID: 1495691063808050236}
  m_Father: {fileID: 8619096922083712720}
  m_LocalEulerAnglesHint: {x: 0, y: 0, z: 0}
--- !u!1 &3427160238499000067
GameObject:
  m_ObjectHideFlags: 0
  m_CorrespondingSourceObject: {fileID: 0}
  m_PrefabInstance: {fileID: 0}
  m_PrefabAsset: {fileID: 0}
  serializedVersion: 6
  m_Component:
  - component: {fileID: 6156674380165806436}
  m_Layer: 8
  m_Name: shoulderPad_l
  m_TagString: Untagged
  m_Icon: {fileID: 0}
  m_NavMeshLayer: 0
  m_StaticEditorFlags: 0
  m_IsActive: 1
--- !u!4 &6156674380165806436
Transform:
  m_ObjectHideFlags: 0
  m_CorrespondingSourceObject: {fileID: 0}
  m_PrefabInstance: {fileID: 0}
  m_PrefabAsset: {fileID: 0}
  m_GameObject: {fileID: 3427160238499000067}
  serializedVersion: 2
  m_LocalRotation: {x: 0.00222064, y: 0.032422718, z: -0.06829408, w: 0.99713576}
  m_LocalPosition: {x: -0.17600696, y: 0.023320874, z: 0.14720303}
  m_LocalScale: {x: 1, y: 1, z: 1}
  m_ConstrainProportionsScale: 0
  m_Children: []
  m_Father: {fileID: 1364446373829846132}
  m_LocalEulerAnglesHint: {x: 0, y: 0, z: 0}
--- !u!1 &3651985286900248206
GameObject:
  m_ObjectHideFlags: 0
  m_CorrespondingSourceObject: {fileID: 0}
  m_PrefabInstance: {fileID: 0}
  m_PrefabAsset: {fileID: 0}
  serializedVersion: 6
  m_Component:
  - component: {fileID: 8619096922083712720}
  m_Layer: 8
  m_Name: spine_03
  m_TagString: Untagged
  m_Icon: {fileID: 0}
  m_NavMeshLayer: 0
  m_StaticEditorFlags: 0
  m_IsActive: 1
--- !u!4 &8619096922083712720
Transform:
  m_ObjectHideFlags: 0
  m_CorrespondingSourceObject: {fileID: 0}
  m_PrefabInstance: {fileID: 0}
  m_PrefabAsset: {fileID: 0}
  m_GameObject: {fileID: 3651985286900248206}
  serializedVersion: 2
  m_LocalRotation: {x: 6.9384797e-17, y: 1.7169768e-16, z: -0.04006483, w: 0.99919707}
  m_LocalPosition: {x: -0.124961086, y: 0.003215244, z: 3.99823e-17}
  m_LocalScale: {x: 1, y: 1, z: 1}
  m_ConstrainProportionsScale: 0
  m_Children:
  - {fileID: 2288670206205472923}
  - {fileID: 1364446373829846132}
  - {fileID: 8285435129968329025}
  - {fileID: 2946264553552410400}
  m_Father: {fileID: 8218619346012121016}
  m_LocalEulerAnglesHint: {x: 0, y: 0, z: 0}
--- !u!1 &3660337999253391905
GameObject:
  m_ObjectHideFlags: 0
  m_CorrespondingSourceObject: {fileID: 0}
  m_PrefabInstance: {fileID: 0}
  m_PrefabAsset: {fileID: 0}
  serializedVersion: 6
  m_Component:
  - component: {fileID: 6774460253392354360}
  m_Layer: 8
  m_Name: lowerarm_r
  m_TagString: Untagged
  m_Icon: {fileID: 0}
  m_NavMeshLayer: 0
  m_StaticEditorFlags: 0
  m_IsActive: 1
--- !u!4 &6774460253392354360
Transform:
  m_ObjectHideFlags: 0
  m_CorrespondingSourceObject: {fileID: 0}
  m_PrefabInstance: {fileID: 0}
  m_PrefabAsset: {fileID: 0}
  m_GameObject: {fileID: 3660337999253391905}
  serializedVersion: 2
  m_LocalRotation: {x: 0.000000012904599, y: -6.909384e-11, z: -0.005354126, w: 0.9999857}
  m_LocalPosition: {x: 0.35835308, y: -0.020167615, z: 1.563194e-15}
  m_LocalScale: {x: 1, y: 1, z: 1}
  m_ConstrainProportionsScale: 0
  m_Children:
  - {fileID: 1852841259550828477}
  m_Father: {fileID: 4933750924263230784}
  m_LocalEulerAnglesHint: {x: 0, y: 0, z: 0}
--- !u!1 &3805784673836432142
GameObject:
  m_ObjectHideFlags: 0
  m_CorrespondingSourceObject: {fileID: 0}
  m_PrefabInstance: {fileID: 0}
  m_PrefabAsset: {fileID: 0}
  serializedVersion: 6
  m_Component:
  - component: {fileID: 1933385990641304504}
  m_Layer: 8
  m_Name: index_01_r
  m_TagString: Untagged
  m_Icon: {fileID: 0}
  m_NavMeshLayer: 0
  m_StaticEditorFlags: 0
  m_IsActive: 1
--- !u!4 &1933385990641304504
Transform:
  m_ObjectHideFlags: 0
  m_CorrespondingSourceObject: {fileID: 0}
  m_PrefabInstance: {fileID: 0}
  m_PrefabAsset: {fileID: 0}
  m_GameObject: {fileID: 3805784673836432142}
  serializedVersion: 2
  m_LocalRotation: {x: 0.0792414, y: -0.010567095, z: -0.065351464, w: 0.9946549}
  m_LocalPosition: {x: 0.1285176, y: 0.014380149, z: 0.058676638}
  m_LocalScale: {x: 1, y: 1, z: 1}
  m_ConstrainProportionsScale: 0
  m_Children:
  - {fileID: 3695911314266320784}
  m_Father: {fileID: 1852841259550828477}
  m_LocalEulerAnglesHint: {x: 0, y: 0, z: 0}
--- !u!1 &3862170810423220383
GameObject:
  m_ObjectHideFlags: 0
  m_CorrespondingSourceObject: {fileID: 0}
  m_PrefabInstance: {fileID: 0}
  m_PrefabAsset: {fileID: 0}
  serializedVersion: 6
  m_Component:
  - component: {fileID: 644858285035685087}
  m_Layer: 8
  m_Name: weaponPosition_r
  m_TagString: Untagged
  m_Icon: {fileID: 0}
  m_NavMeshLayer: 0
  m_StaticEditorFlags: 0
  m_IsActive: 1
--- !u!4 &644858285035685087
Transform:
  m_ObjectHideFlags: 0
  m_CorrespondingSourceObject: {fileID: 0}
  m_PrefabInstance: {fileID: 0}
  m_PrefabAsset: {fileID: 0}
  m_GameObject: {fileID: 3862170810423220383}
  serializedVersion: 2
  m_LocalRotation: {x: 0, y: -0, z: -0, w: 1}
  m_LocalPosition: {x: 0.287779, y: 0.009525931, z: 0.022054225}
  m_LocalScale: {x: 1, y: 1, z: 1}
  m_ConstrainProportionsScale: 0
  m_Children: []
  m_Father: {fileID: 2288670206205472923}
  m_LocalEulerAnglesHint: {x: 0, y: 0, z: 0}
--- !u!1 &4125190404812381121
GameObject:
  m_ObjectHideFlags: 0
  m_CorrespondingSourceObject: {fileID: 0}
  m_PrefabInstance: {fileID: 0}
  m_PrefabAsset: {fileID: 0}
  serializedVersion: 6
  m_Component:
  - component: {fileID: 3495915247215365211}
  m_Layer: 8
  m_Name: index_02_l
  m_TagString: Untagged
  m_Icon: {fileID: 0}
  m_NavMeshLayer: 0
  m_StaticEditorFlags: 0
  m_IsActive: 1
--- !u!4 &3495915247215365211
Transform:
  m_ObjectHideFlags: 0
  m_CorrespondingSourceObject: {fileID: 0}
  m_PrefabInstance: {fileID: 0}
  m_PrefabAsset: {fileID: 0}
  m_GameObject: {fileID: 4125190404812381121}
  serializedVersion: 2
  m_LocalRotation: {x: 0.0012414171, y: -0.003930288, z: -0.062582195, w: 0.9980313}
  m_LocalPosition: {x: -0.08106954, y: -0.0064408253, z: -0.0019819795}
  m_LocalScale: {x: 1, y: 1, z: 1}
  m_ConstrainProportionsScale: 0
  m_Children:
  - {fileID: 7828886880080794872}
  m_Father: {fileID: 4181016483430513204}
  m_LocalEulerAnglesHint: {x: 0, y: 0, z: 0}
--- !u!1 &4257978861714187957
GameObject:
  m_ObjectHideFlags: 0
  m_CorrespondingSourceObject: {fileID: 0}
  m_PrefabInstance: {fileID: 0}
  m_PrefabAsset: {fileID: 0}
  serializedVersion: 6
  m_Component:
  - component: {fileID: 2946264553552410400}
  m_Layer: 8
  m_Name: neck_01
  m_TagString: Untagged
  m_Icon: {fileID: 0}
  m_NavMeshLayer: 0
  m_StaticEditorFlags: 0
  m_IsActive: 1
--- !u!4 &2946264553552410400
Transform:
  m_ObjectHideFlags: 0
  m_CorrespondingSourceObject: {fileID: 0}
  m_PrefabInstance: {fileID: 0}
  m_PrefabAsset: {fileID: 0}
  m_GameObject: {fileID: 4257978861714187957}
  serializedVersion: 2
  m_LocalRotation: {x: -3.8280632e-17, y: 5.2760554e-17, z: 0.18672618, w: 0.982412}
  m_LocalPosition: {x: -0.20089038, y: -0.021196334, z: 6.607116e-17}
  m_LocalScale: {x: 1, y: 1, z: 1}
  m_ConstrainProportionsScale: 0
  m_Children:
  - {fileID: 2098037373057311915}
  m_Father: {fileID: 8619096922083712720}
  m_LocalEulerAnglesHint: {x: 0, y: 0, z: 0}
--- !u!1 &4403922877684874311
GameObject:
  m_ObjectHideFlags: 0
  m_CorrespondingSourceObject: {fileID: 0}
  m_PrefabInstance: {fileID: 0}
  m_PrefabAsset: {fileID: 0}
  serializedVersion: 6
  m_Component:
  - component: {fileID: 1058437488705964436}
  m_Layer: 8
  m_Name: middle_02_l
  m_TagString: Untagged
  m_Icon: {fileID: 0}
  m_NavMeshLayer: 0
  m_StaticEditorFlags: 0
  m_IsActive: 1
--- !u!4 &1058437488705964436
Transform:
  m_ObjectHideFlags: 0
  m_CorrespondingSourceObject: {fileID: 0}
  m_PrefabInstance: {fileID: 0}
  m_PrefabAsset: {fileID: 0}
  m_GameObject: {fileID: 4403922877684874311}
  serializedVersion: 2
  m_LocalRotation: {x: 0.018031022, y: -0.0021547193, z: -0.06262624, w: 0.9978719}
  m_LocalPosition: {x: -0.08329835, y: -0.0019648103, z: 0.0007372274}
  m_LocalScale: {x: 1, y: 1, z: 1}
  m_ConstrainProportionsScale: 0
  m_Children:
  - {fileID: 5772287943136145651}
  m_Father: {fileID: 2136015069710428283}
  m_LocalEulerAnglesHint: {x: 0, y: 0, z: 0}
--- !u!1 &4414267001546146951
GameObject:
  m_ObjectHideFlags: 0
  m_CorrespondingSourceObject: {fileID: 0}
  m_PrefabInstance: {fileID: 0}
  m_PrefabAsset: {fileID: 0}
  serializedVersion: 6
  m_Component:
  - component: {fileID: 8285435129968329025}
  m_Layer: 8
  m_Name: clavicle_r
  m_TagString: Untagged
  m_Icon: {fileID: 0}
  m_NavMeshLayer: 0
  m_StaticEditorFlags: 0
  m_IsActive: 1
--- !u!4 &8285435129968329025
Transform:
  m_ObjectHideFlags: 0
  m_CorrespondingSourceObject: {fileID: 0}
  m_PrefabInstance: {fileID: 0}
  m_PrefabAsset: {fileID: 0}
  m_GameObject: {fileID: 4414267001546146951}
  serializedVersion: 2
  m_LocalRotation: {x: 0.7295103, y: 0.017211089, z: 0.6749811, w: -0.10917408}
  m_LocalPosition: {x: -0.071302906, y: 0.0023764498, z: 0.094934195}
  m_LocalScale: {x: 1, y: 1, z: 1}
  m_ConstrainProportionsScale: 0
  m_Children:
  - {fileID: 7327173842182866996}
  - {fileID: 4933750924263230784}
  m_Father: {fileID: 8619096922083712720}
  m_LocalEulerAnglesHint: {x: 0, y: 0, z: 0}
--- !u!1 &4847731583695912420
GameObject:
  m_ObjectHideFlags: 0
  m_CorrespondingSourceObject: {fileID: 0}
  m_PrefabInstance: {fileID: 0}
  m_PrefabAsset: {fileID: 0}
  serializedVersion: 6
  m_Component:
  - component: {fileID: 2781514121533377098}
  m_Layer: 8
  m_Name: thumb_02_l
  m_TagString: Untagged
  m_Icon: {fileID: 0}
  m_NavMeshLayer: 0
  m_StaticEditorFlags: 0
  m_IsActive: 1
--- !u!4 &2781514121533377098
Transform:
  m_ObjectHideFlags: 0
  m_CorrespondingSourceObject: {fileID: 0}
  m_PrefabInstance: {fileID: 0}
  m_PrefabAsset: {fileID: 0}
  m_GameObject: {fileID: 4847731583695912420}
  serializedVersion: 2
  m_LocalRotation: {x: -0.028036213, y: -0.05565712, z: -0.11530924, w: 0.9913728}
  m_LocalPosition: {x: -0.07970302, y: -3.5527136e-17, z: 4.2632563e-16}
  m_LocalScale: {x: 1, y: 1, z: 1}
  m_ConstrainProportionsScale: 0
  m_Children:
  - {fileID: 5941938640555305256}
  m_Father: {fileID: 4224109131700422874}
  m_LocalEulerAnglesHint: {x: 0, y: 0, z: 0}
--- !u!1 &4999382198497261751
GameObject:
  m_ObjectHideFlags: 0
  m_CorrespondingSourceObject: {fileID: 0}
  m_PrefabInstance: {fileID: 0}
  m_PrefabAsset: {fileID: 0}
  serializedVersion: 6
  m_Component:
  - component: {fileID: 4181016483430513204}
  m_Layer: 8
  m_Name: index_01_l
  m_TagString: Untagged
  m_Icon: {fileID: 0}
  m_NavMeshLayer: 0
  m_StaticEditorFlags: 0
  m_IsActive: 1
--- !u!4 &4181016483430513204
Transform:
  m_ObjectHideFlags: 0
  m_CorrespondingSourceObject: {fileID: 0}
  m_PrefabInstance: {fileID: 0}
  m_PrefabAsset: {fileID: 0}
  m_GameObject: {fileID: 4999382198497261751}
  serializedVersion: 2
  m_LocalRotation: {x: 0.0792414, y: -0.010567095, z: -0.065351464, w: 0.9946549}
  m_LocalPosition: {x: -0.12851799, y: -0.01438421, z: -0.058676623}
  m_LocalScale: {x: 1, y: 1, z: 1}
  m_ConstrainProportionsScale: 0
  m_Children:
  - {fileID: 3495915247215365211}
  m_Father: {fileID: 352254792687027679}
  m_LocalEulerAnglesHint: {x: 0, y: 0, z: 0}
--- !u!1 &5153891689463853900
GameObject:
  m_ObjectHideFlags: 0
  m_CorrespondingSourceObject: {fileID: 0}
  m_PrefabInstance: {fileID: 0}
  m_PrefabAsset: {fileID: 0}
  serializedVersion: 6
  m_Component:
  - component: {fileID: 8218619346012121016}
  m_Layer: 8
  m_Name: spine_02
  m_TagString: Untagged
  m_Icon: {fileID: 0}
  m_NavMeshLayer: 0
  m_StaticEditorFlags: 0
  m_IsActive: 1
--- !u!4 &8218619346012121016
Transform:
  m_ObjectHideFlags: 0
  m_CorrespondingSourceObject: {fileID: 0}
  m_PrefabInstance: {fileID: 0}
  m_PrefabAsset: {fileID: 0}
  m_GameObject: {fileID: 5153891689463853900}
  serializedVersion: 2
  m_LocalRotation: {x: 1.7353463e-17, y: -9.794758e-19, z: -0.1185224, w: 0.9929514}
  m_LocalPosition: {x: -0.14500739, y: 0.012613418, z: 3.8834922e-17}
  m_LocalScale: {x: 1, y: 1, z: 1}
  m_ConstrainProportionsScale: 0
  m_Children:
  - {fileID: 8619096922083712720}
  m_Father: {fileID: 5929024327701235961}
  m_LocalEulerAnglesHint: {x: 0, y: 0, z: 0}
--- !u!1 &5249579333934434741
GameObject:
  m_ObjectHideFlags: 0
  m_CorrespondingSourceObject: {fileID: 0}
  m_PrefabInstance: {fileID: 0}
  m_PrefabAsset: {fileID: 0}
  serializedVersion: 6
  m_Component:
  - component: {fileID: 5941938640555305256}
  m_Layer: 8
  m_Name: thumb_03_l
  m_TagString: Untagged
  m_Icon: {fileID: 0}
  m_NavMeshLayer: 0
  m_StaticEditorFlags: 0
  m_IsActive: 1
--- !u!4 &5941938640555305256
Transform:
  m_ObjectHideFlags: 0
  m_CorrespondingSourceObject: {fileID: 0}
  m_PrefabInstance: {fileID: 0}
  m_PrefabAsset: {fileID: 0}
  m_GameObject: {fileID: 5249579333934434741}
  serializedVersion: 2
  m_LocalRotation: {x: 0.023968818, y: -0.023600308, z: -0.025017621, w: 0.99912095}
  m_LocalPosition: {x: -0.064994484, y: -3.5527136e-17, z: 1.4210854e-16}
  m_LocalScale: {x: 1, y: 1, z: 1}
  m_ConstrainProportionsScale: 0
  m_Children: []
  m_Father: {fileID: 2781514121533377098}
  m_LocalEulerAnglesHint: {x: 0, y: 0, z: 0}
--- !u!1 &5411087908393119800
GameObject:
  m_ObjectHideFlags: 0
  m_CorrespondingSourceObject: {fileID: 0}
  m_PrefabInstance: {fileID: 0}
  m_PrefabAsset: {fileID: 0}
  serializedVersion: 6
  m_Component:
  - component: {fileID: 395680914266135367}
  m_Layer: 8
  m_Name: ring_03_r
  m_TagString: Untagged
  m_Icon: {fileID: 0}
  m_NavMeshLayer: 0
  m_StaticEditorFlags: 0
  m_IsActive: 1
--- !u!4 &395680914266135367
Transform:
  m_ObjectHideFlags: 0
  m_CorrespondingSourceObject: {fileID: 0}
  m_PrefabInstance: {fileID: 0}
  m_PrefabAsset: {fileID: 0}
  m_GameObject: {fileID: 5411087908393119800}
  serializedVersion: 2
  m_LocalRotation: {x: 0, y: -0.00971795, z: -0, w: 0.9999528}
  m_LocalPosition: {x: 0.07046881, y: 0.011596207, z: 0.0031857463}
  m_LocalScale: {x: 1, y: 1, z: 1}
  m_ConstrainProportionsScale: 0
  m_Children: []
  m_Father: {fileID: 7020572582105403720}
  m_LocalEulerAnglesHint: {x: 0, y: 0, z: 0}
--- !u!1 &5430367118259464052
GameObject:
  m_ObjectHideFlags: 0
  m_CorrespondingSourceObject: {fileID: 0}
  m_PrefabInstance: {fileID: 0}
  m_PrefabAsset: {fileID: 0}
  serializedVersion: 6
  m_Component:
  - component: {fileID: 4003812819151003945}
  m_Layer: 8
  m_Name: pinky_01_r
  m_TagString: Untagged
  m_Icon: {fileID: 0}
  m_NavMeshLayer: 0
  m_StaticEditorFlags: 0
  m_IsActive: 1
--- !u!4 &4003812819151003945
Transform:
  m_ObjectHideFlags: 0
  m_CorrespondingSourceObject: {fileID: 0}
  m_PrefabInstance: {fileID: 0}
  m_PrefabAsset: {fileID: 0}
  m_GameObject: {fileID: 5430367118259464052}
  serializedVersion: 2
  m_LocalRotation: {x: -0.053915225, y: 0.011268114, z: -0.0863895, w: 0.9947377}
  m_LocalPosition: {x: 0.12713939, y: 0.020840934, z: -0.07892956}
  m_LocalScale: {x: 1, y: 1, z: 1}
  m_ConstrainProportionsScale: 0
  m_Children:
  - {fileID: 4151523184967384484}
  m_Father: {fileID: 1852841259550828477}
  m_LocalEulerAnglesHint: {x: 0, y: 0, z: 0}
--- !u!1 &5755408922305008240
GameObject:
  m_ObjectHideFlags: 0
  m_CorrespondingSourceObject: {fileID: 0}
  m_PrefabInstance: {fileID: 0}
  m_PrefabAsset: {fileID: 0}
  serializedVersion: 6
  m_Component:
  - component: {fileID: 2136015069710428283}
  m_Layer: 8
  m_Name: middle_01_l
  m_TagString: Untagged
  m_Icon: {fileID: 0}
  m_NavMeshLayer: 0
  m_StaticEditorFlags: 0
  m_IsActive: 1
--- !u!4 &2136015069710428283
Transform:
  m_ObjectHideFlags: 0
  m_CorrespondingSourceObject: {fileID: 0}
  m_PrefabInstance: {fileID: 0}
  m_PrefabAsset: {fileID: 0}
  m_GameObject: {fileID: 5755408922305008240}
  serializedVersion: 2
  m_LocalRotation: {x: 0.025988234, y: 0.02005915, z: -0.084797114, w: 0.9958573}
  m_LocalPosition: {x: -0.1286768, y: -0.027611725, z: -0.008986833}
  m_LocalScale: {x: 1, y: 1, z: 1}
  m_ConstrainProportionsScale: 0
  m_Children:
  - {fileID: 1058437488705964436}
  m_Father: {fileID: 352254792687027679}
  m_LocalEulerAnglesHint: {x: 0, y: 0, z: 0}
--- !u!1 &6067207895558572409
GameObject:
  m_ObjectHideFlags: 0
  m_CorrespondingSourceObject: {fileID: 0}
  m_PrefabInstance: {fileID: 0}
  m_PrefabAsset: {fileID: 0}
  serializedVersion: 6
  m_Component:
  - component: {fileID: 2288670206205472923}
  m_Layer: 8
  m_Name: backpackShield01
  m_TagString: Untagged
  m_Icon: {fileID: 0}
  m_NavMeshLayer: 0
  m_StaticEditorFlags: 0
  m_IsActive: 1
--- !u!4 &2288670206205472923
Transform:
  m_ObjectHideFlags: 0
  m_CorrespondingSourceObject: {fileID: 0}
  m_PrefabInstance: {fileID: 0}
  m_PrefabAsset: {fileID: 0}
  m_GameObject: {fileID: 6067207895558572409}
  serializedVersion: 2
  m_LocalRotation: {x: 0.06494219, y: -0.70411825, z: 0.06494219, w: 0.70411825}
  m_LocalPosition: {x: 0.05879154, y: 0.29811797, z: 2.6863994e-16}
  m_LocalScale: {x: 1, y: 1, z: 1}
  m_ConstrainProportionsScale: 0
  m_Children:
  - {fileID: 5447768903892491380}
  - {fileID: 2536470080960774135}
  - {fileID: 644858285035685087}
  - {fileID: 293342354650949360}
  m_Father: {fileID: 8619096922083712720}
  m_LocalEulerAnglesHint: {x: 0, y: 0, z: 0}
--- !u!1 &6180653522499842766
GameObject:
  m_ObjectHideFlags: 0
  m_CorrespondingSourceObject: {fileID: 0}
  m_PrefabInstance: {fileID: 0}
  m_PrefabAsset: {fileID: 0}
  serializedVersion: 6
  m_Component:
  - component: {fileID: 7434359784606270013}
  m_Layer: 8
  m_Name: hitEffectPos
  m_TagString: Untagged
  m_Icon: {fileID: 0}
  m_NavMeshLayer: 0
  m_StaticEditorFlags: 0
  m_IsActive: 1
--- !u!4 &7434359784606270013
Transform:
  m_ObjectHideFlags: 0
  m_CorrespondingSourceObject: {fileID: 0}
  m_PrefabInstance: {fileID: 0}
  m_PrefabAsset: {fileID: 0}
  m_GameObject: {fileID: 6180653522499842766}
  serializedVersion: 2
  m_LocalRotation: {x: -0, y: -0, z: -0, w: 1}
  m_LocalPosition: {x: 0, y: 1.113, z: 0.376}
  m_LocalScale: {x: 1, y: 1, z: 1}
  m_ConstrainProportionsScale: 0
  m_Children: []
  m_Father: {fileID: 9210863489150038733}
  m_LocalEulerAnglesHint: {x: 0, y: 0, z: 0}
--- !u!1 &6276593115526938889
GameObject:
  m_ObjectHideFlags: 0
  m_CorrespondingSourceObject: {fileID: 0}
  m_PrefabInstance: {fileID: 0}
  m_PrefabAsset: {fileID: 0}
  serializedVersion: 6
  m_Component:
  - component: {fileID: 7428530717233483968}
  m_Layer: 8
  m_Name: middle_03_r
  m_TagString: Untagged
  m_Icon: {fileID: 0}
  m_NavMeshLayer: 0
  m_StaticEditorFlags: 0
  m_IsActive: 1
--- !u!4 &7428530717233483968
Transform:
  m_ObjectHideFlags: 0
  m_CorrespondingSourceObject: {fileID: 0}
  m_PrefabInstance: {fileID: 0}
  m_PrefabAsset: {fileID: 0}
  m_GameObject: {fileID: 6276593115526938889}
  serializedVersion: 2
  m_LocalRotation: {x: 0, y: -0.0062976107, z: -0, w: 0.9999802}
  m_LocalPosition: {x: 0.0786602, y: 0.01450111, z: 0.0008666971}
  m_LocalScale: {x: 1, y: 1, z: 1}
  m_ConstrainProportionsScale: 0
  m_Children: []
  m_Father: {fileID: 3127986231346407783}
  m_LocalEulerAnglesHint: {x: 0, y: 0, z: 0}
--- !u!1 &6689310740970716428
GameObject:
  m_ObjectHideFlags: 0
  m_CorrespondingSourceObject: {fileID: 0}
  m_PrefabInstance: {fileID: 0}
  m_PrefabAsset: {fileID: 0}
  serializedVersion: 6
  m_Component:
  - component: {fileID: 7032582029429261616}
  m_Layer: 8
  m_Name: pinky_01_l
  m_TagString: Untagged
  m_Icon: {fileID: 0}
  m_NavMeshLayer: 0
  m_StaticEditorFlags: 0
  m_IsActive: 1
--- !u!4 &7032582029429261616
Transform:
  m_ObjectHideFlags: 0
  m_CorrespondingSourceObject: {fileID: 0}
  m_PrefabInstance: {fileID: 0}
  m_PrefabAsset: {fileID: 0}
  m_GameObject: {fileID: 6689310740970716428}
  serializedVersion: 2
  m_LocalRotation: {x: -0.053915225, y: 0.011268114, z: -0.0863895, w: 0.9947377}
  m_LocalPosition: {x: -0.12714024, y: -0.020847507, z: 0.07892959}
  m_LocalScale: {x: 1, y: 1, z: 1}
  m_ConstrainProportionsScale: 0
  m_Children:
  - {fileID: 5839488105908866218}
  m_Father: {fileID: 352254792687027679}
  m_LocalEulerAnglesHint: {x: 0, y: 0, z: 0}
--- !u!1 &6763345947572550656
GameObject:
  m_ObjectHideFlags: 0
  m_CorrespondingSourceObject: {fileID: 0}
  m_PrefabInstance: {fileID: 0}
  m_PrefabAsset: {fileID: 0}
  serializedVersion: 6
  m_Component:
  - component: {fileID: 4224109131700422874}
  m_Layer: 8
  m_Name: thumb_01_l
  m_TagString: Untagged
  m_Icon: {fileID: 0}
  m_NavMeshLayer: 0
  m_StaticEditorFlags: 0
  m_IsActive: 1
--- !u!4 &4224109131700422874
Transform:
  m_ObjectHideFlags: 0
  m_CorrespondingSourceObject: {fileID: 0}
  m_PrefabInstance: {fileID: 0}
  m_PrefabAsset: {fileID: 0}
  m_GameObject: {fileID: 6763345947572550656}
  serializedVersion: 2
  m_LocalRotation: {x: 0.6367856, y: -0.3054473, z: 0.09856634, w: 0.701064}
  m_LocalPosition: {x: -0.059102654, y: 0.026275903, z: -0.08270726}
  m_LocalScale: {x: 1, y: 1, z: 1}
  m_ConstrainProportionsScale: 0
  m_Children:
  - {fileID: 2781514121533377098}
  m_Father: {fileID: 352254792687027679}
  m_LocalEulerAnglesHint: {x: 0, y: 0, z: 0}
--- !u!1 &6939550957796557670
GameObject:
  m_ObjectHideFlags: 0
  m_CorrespondingSourceObject: {fileID: 0}
  m_PrefabInstance: {fileID: 0}
  m_PrefabAsset: {fileID: 0}
  serializedVersion: 6
  m_Component:
  - component: {fileID: 2098037373057311915}
  m_Layer: 8
  m_Name: head
  m_TagString: Untagged
  m_Icon: {fileID: 0}
  m_NavMeshLayer: 0
  m_StaticEditorFlags: 0
  m_IsActive: 1
--- !u!4 &2098037373057311915
Transform:
  m_ObjectHideFlags: 0
  m_CorrespondingSourceObject: {fileID: 0}
  m_PrefabInstance: {fileID: 0}
  m_PrefabAsset: {fileID: 0}
  m_GameObject: {fileID: 6939550957796557670}
  serializedVersion: 2
  m_LocalRotation: {x: -2.1251933e-17, y: -2.2102525e-16, z: -0.095710196, w: 0.99540925}
  m_LocalPosition: {x: -0.19737928, y: 0.0017454086, z: 4.8954272e-17}
  m_LocalScale: {x: 1, y: 1, z: 1}
  m_ConstrainProportionsScale: 0
  m_Children:
  - {fileID: 5471047773895312220}
  m_Father: {fileID: 2946264553552410400}
  m_LocalEulerAnglesHint: {x: 0, y: 0, z: 0}
--- !u!1 &7033136182491265119
GameObject:
  m_ObjectHideFlags: 0
  m_CorrespondingSourceObject: {fileID: 0}
  m_PrefabInstance: {fileID: 0}
  m_PrefabAsset: {fileID: 0}
  serializedVersion: 6
  m_Component:
  - component: {fileID: 1495691063808050236}
  m_Layer: 8
  m_Name: upperarm_l
  m_TagString: Untagged
  m_Icon: {fileID: 0}
  m_NavMeshLayer: 0
  m_StaticEditorFlags: 0
  m_IsActive: 1
--- !u!4 &1495691063808050236
Transform:
  m_ObjectHideFlags: 0
  m_CorrespondingSourceObject: {fileID: 0}
  m_PrefabInstance: {fileID: 0}
  m_PrefabAsset: {fileID: 0}
  m_GameObject: {fileID: 7033136182491265119}
  serializedVersion: 2
  m_LocalRotation: {x: 0.0024148703, y: 0.03240883, z: -0.062318433, w: 0.99752706}
  m_LocalPosition: {x: -0.1048779, y: -4.4408918e-17, z: 1.4210854e-16}
  m_LocalScale: {x: 1, y: 1, z: 1}
  m_ConstrainProportionsScale: 0
  m_Children:
  - {fileID: 4993222314284413196}
  m_Father: {fileID: 1364446373829846132}
  m_LocalEulerAnglesHint: {x: 0, y: 0, z: 0}
--- !u!1 &7090660895319585901
GameObject:
  m_ObjectHideFlags: 0
  m_CorrespondingSourceObject: {fileID: 0}
  m_PrefabInstance: {fileID: 0}
  m_PrefabAsset: {fileID: 0}
  serializedVersion: 6
  m_Component:
  - component: {fileID: 30996081039580547}
  m_Layer: 8
  m_Name: pelvis
  m_TagString: Untagged
  m_Icon: {fileID: 0}
  m_NavMeshLayer: 0
  m_StaticEditorFlags: 0
  m_IsActive: 1
--- !u!4 &30996081039580547
Transform:
  m_ObjectHideFlags: 0
  m_CorrespondingSourceObject: {fileID: 0}
  m_PrefabInstance: {fileID: 0}
  m_PrefabAsset: {fileID: 0}
  m_GameObject: {fileID: 7090660895319585901}
  serializedVersion: 2
  m_LocalRotation: {x: 0.08801344, y: 0.7016079, z: 0.08801344, w: 0.7016079}
  m_LocalPosition: {x: -3.0999767e-32, y: -0.028181527, z: 0.57749283}
  m_LocalScale: {x: 1, y: 1, z: 1}
  m_ConstrainProportionsScale: 0
  m_Children:
  - {fileID: 5929024327701235961}
  - {fileID: 9202172155892637787}
  - {fileID: 5423929068715127115}
  m_Father: {fileID: 7114091284588284306}
  m_LocalEulerAnglesHint: {x: 0, y: 0, z: 0}
--- !u!1 &7346536925520290772
GameObject:
  m_ObjectHideFlags: 0
  m_CorrespondingSourceObject: {fileID: 0}
  m_PrefabInstance: {fileID: 0}
  m_PrefabAsset: {fileID: 0}
  serializedVersion: 6
  m_Component:
  - component: {fileID: 3540198944590956536}
  m_Layer: 8
  m_Name: ring_02_l
  m_TagString: Untagged
  m_Icon: {fileID: 0}
  m_NavMeshLayer: 0
  m_StaticEditorFlags: 0
  m_IsActive: 1
--- !u!4 &3540198944590956536
Transform:
  m_ObjectHideFlags: 0
  m_CorrespondingSourceObject: {fileID: 0}
  m_PrefabInstance: {fileID: 0}
  m_PrefabAsset: {fileID: 0}
  m_GameObject: {fileID: 7346536925520290772}
  serializedVersion: 2
  m_LocalRotation: {x: 0.01603073, y: 0.012626703, z: -0.06238623, w: 0.9978435}
  m_LocalPosition: {x: -0.08391934, y: -0.0060671065, z: 0.00010260604}
  m_LocalScale: {x: 1, y: 1, z: 1}
  m_ConstrainProportionsScale: 0
  m_Children:
  - {fileID: 351434224190586291}
  m_Father: {fileID: 1475895383291476307}
  m_LocalEulerAnglesHint: {x: 0, y: 0, z: 0}
--- !u!1 &7456805054130632636
GameObject:
  m_ObjectHideFlags: 0
  m_CorrespondingSourceObject: {fileID: 0}
  m_PrefabInstance: {fileID: 0}
  m_PrefabAsset: {fileID: 0}
  serializedVersion: 6
  m_Component:
  - component: {fileID: 1852841259550828477}
  m_Layer: 8
  m_Name: hand_r
  m_TagString: Untagged
  m_Icon: {fileID: 0}
  m_NavMeshLayer: 0
  m_StaticEditorFlags: 0
  m_IsActive: 1
--- !u!4 &1852841259550828477
Transform:
  m_ObjectHideFlags: 0
  m_CorrespondingSourceObject: {fileID: 0}
  m_PrefabInstance: {fileID: 0}
  m_PrefabAsset: {fileID: 0}
  m_GameObject: {fileID: 7456805054130632636}
  serializedVersion: 2
  m_LocalRotation: {x: -0.70580834, y: 0.0026590806, z: -0.0007700497, w: 0.7083975}
  m_LocalPosition: {x: 0.23148169, y: 0.005877987, z: -1.5170883e-10}
  m_LocalScale: {x: 1, y: 1, z: 1}
  m_ConstrainProportionsScale: 0
  m_Children:
  - {fileID: 1933385990641304504}
  - {fileID: 8636364087984008054}
  - {fileID: 4003812819151003945}
  - {fileID: 2645318530137777666}
  - {fileID: 8342124764570117466}
  - {fileID: 7570044074957510234}
  m_Father: {fileID: 6774460253392354360}
  m_LocalEulerAnglesHint: {x: 0, y: 0, z: 0}
--- !u!1 &7512777793730332098
GameObject:
  m_ObjectHideFlags: 0
  m_CorrespondingSourceObject: {fileID: 0}
  m_PrefabInstance: {fileID: 0}
  m_PrefabAsset: {fileID: 0}
  serializedVersion: 6
  m_Component:
  - component: {fileID: 6860659934112559070}
  m_Layer: 8
  m_Name: thumb_03_r
  m_TagString: Untagged
  m_Icon: {fileID: 0}
  m_NavMeshLayer: 0
  m_StaticEditorFlags: 0
  m_IsActive: 1
--- !u!4 &6860659934112559070
Transform:
  m_ObjectHideFlags: 0
  m_CorrespondingSourceObject: {fileID: 0}
  m_PrefabInstance: {fileID: 0}
  m_PrefabAsset: {fileID: 0}
  m_GameObject: {fileID: 7512777793730332098}
  serializedVersion: 2
  m_LocalRotation: {x: 0.023968818, y: -0.023600308, z: -0.025017621, w: 0.99912095}
  m_LocalPosition: {x: 0.064993754, y: -0.00000023580661, z: 0.000000910039}
  m_LocalScale: {x: 1, y: 1, z: 1}
  m_ConstrainProportionsScale: 0
  m_Children: []
  m_Father: {fileID: 4437913511459002894}
  m_LocalEulerAnglesHint: {x: 0, y: 0, z: 0}
--- !u!1 &7641819862646187177
GameObject:
  m_ObjectHideFlags: 0
  m_CorrespondingSourceObject: {fileID: 0}
  m_PrefabInstance: {fileID: 0}
  m_PrefabAsset: {fileID: 0}
  serializedVersion: 6
  m_Component:
  - component: {fileID: 8922721240901144741}
  - component: {fileID: 3072870451176081204}
  m_Layer: 8
  m_Name: RPGHero
  m_TagString: Untagged
  m_Icon: {fileID: 0}
  m_NavMeshLayer: 0
  m_StaticEditorFlags: 0
  m_IsActive: 1
--- !u!4 &8922721240901144741
Transform:
  m_ObjectHideFlags: 0
  m_CorrespondingSourceObject: {fileID: 0}
  m_PrefabInstance: {fileID: 0}
  m_PrefabAsset: {fileID: 0}
  m_GameObject: {fileID: 7641819862646187177}
  serializedVersion: 2
  m_LocalRotation: {x: -0.7071068, y: 0, z: -0, w: 0.7071068}
  m_LocalPosition: {x: -0, y: 0, z: 0}
  m_LocalScale: {x: 1, y: 1, z: 1}
  m_ConstrainProportionsScale: 0
  m_Children: []
  m_Father: {fileID: 9210863489150038733}
  m_LocalEulerAnglesHint: {x: 0, y: 0, z: 0}
--- !u!137 &3072870451176081204
SkinnedMeshRenderer:
  m_ObjectHideFlags: 0
  m_CorrespondingSourceObject: {fileID: 0}
  m_PrefabInstance: {fileID: 0}
  m_PrefabAsset: {fileID: 0}
  m_GameObject: {fileID: 7641819862646187177}
  m_Enabled: 1
  m_CastShadows: 1
  m_ReceiveShadows: 1
  m_DynamicOccludee: 1
  m_StaticShadowCaster: 0
  m_MotionVectors: 1
  m_LightProbeUsage: 1
  m_ReflectionProbeUsage: 1
  m_RayTracingMode: 3
  m_RayTraceProcedural: 0
  m_RenderingLayerMask: 1
  m_RendererPriority: 0
  m_Materials:
  - {fileID: 2100000, guid: c12dcb13975c4f046aeb892393f83184, type: 2}
  m_StaticBatchInfo:
    firstSubMesh: 0
    subMeshCount: 0
  m_StaticBatchRoot: {fileID: 0}
  m_ProbeAnchor: {fileID: 0}
  m_LightProbeVolumeOverride: {fileID: 0}
  m_ScaleInLightmap: 1
  m_ReceiveGI: 1
  m_PreserveUVs: 0
  m_IgnoreNormalsForChartDetection: 0
  m_ImportantGI: 0
  m_StitchLightmapSeams: 1
  m_SelectedEditorRenderState: 3
  m_MinimumChartSize: 4
  m_AutoUVMaxDistance: 0.5
  m_AutoUVMaxAngle: 89
  m_LightmapParameters: {fileID: 0}
  m_SortingLayerID: 0
  m_SortingLayer: 0
  m_SortingOrder: 0
  serializedVersion: 2
  m_Quality: 0
  m_UpdateWhenOffscreen: 0
  m_SkinnedMotionVectors: 1
  m_Mesh: {fileID: 4300000, guid: 9ce6002518e821e43b4f97c76700fbac, type: 3}
  m_Bones:
  - {fileID: 7114091284588284306}
  - {fileID: 30996081039580547}
  - {fileID: 5929024327701235961}
  - {fileID: 8218619346012121016}
  - {fileID: 8619096922083712720}
  - {fileID: 2946264553552410400}
  - {fileID: 2098037373057311915}
  - {fileID: 5471047773895312220}
  - {fileID: 1364446373829846132}
  - {fileID: 1495691063808050236}
  - {fileID: 4993222314284413196}
  - {fileID: 352254792687027679}
  - {fileID: 4224109131700422874}
  - {fileID: 2781514121533377098}
  - {fileID: 5941938640555305256}
  - {fileID: 4181016483430513204}
  - {fileID: 3495915247215365211}
  - {fileID: 7828886880080794872}
  - {fileID: 2136015069710428283}
  - {fileID: 1058437488705964436}
  - {fileID: 5772287943136145651}
  - {fileID: 1475895383291476307}
  - {fileID: 3540198944590956536}
  - {fileID: 351434224190586291}
  - {fileID: 7032582029429261616}
  - {fileID: 5839488105908866218}
  - {fileID: 6202483008254072667}
  - {fileID: 6156674380165806436}
  - {fileID: 8285435129968329025}
  - {fileID: 4933750924263230784}
  - {fileID: 6774460253392354360}
  - {fileID: 1852841259550828477}
  - {fileID: 8342124764570117466}
  - {fileID: 4437913511459002894}
  - {fileID: 6860659934112559070}
  - {fileID: 1933385990641304504}
  - {fileID: 3695911314266320784}
  - {fileID: 4636122954125404854}
  - {fileID: 8636364087984008054}
  - {fileID: 3127986231346407783}
  - {fileID: 7428530717233483968}
  - {fileID: 2645318530137777666}
  - {fileID: 7020572582105403720}
  - {fileID: 395680914266135367}
  - {fileID: 4003812819151003945}
  - {fileID: 4151523184967384484}
  - {fileID: 4450105151673111375}
  - {fileID: 7327173842182866996}
  - {fileID: 2288670206205472923}
  - {fileID: 5447768903892491380}
  - {fileID: 2536470080960774135}
  - {fileID: 644858285035685087}
  - {fileID: 293342354650949360}
  - {fileID: 9202172155892637787}
  - {fileID: 5441179379322087554}
  - {fileID: 7010837965742007087}
  - {fileID: 8806862814168486370}
  - {fileID: 5423929068715127115}
  - {fileID: 1292584812306395157}
  - {fileID: 2428745247543683092}
  - {fileID: 5229958297125443730}
  - {fileID: 3841128847998365733}
  - {fileID: 7451856569446508353}
  m_BlendShapeWeights: []
  m_RootBone: {fileID: 7114091284588284306}
  m_AABB:
    m_Center: {x: 0, y: 0.069505334, z: 0.9349258}
    m_Extent: {x: 1.1067262, y: 0.5284035, z: 0.95984817}
  m_DirtyAABB: 0
--- !u!1 &7653453468269300644
GameObject:
  m_ObjectHideFlags: 0
  m_CorrespondingSourceObject: {fileID: 0}
  m_PrefabInstance: {fileID: 0}
  m_PrefabAsset: {fileID: 0}
  serializedVersion: 6
  m_Component:
  - component: {fileID: 2428745247543683092}
  m_Layer: 8
  m_Name: foot_r
  m_TagString: Untagged
  m_Icon: {fileID: 0}
  m_NavMeshLayer: 0
  m_StaticEditorFlags: 0
  m_IsActive: 1
--- !u!4 &2428745247543683092
Transform:
  m_ObjectHideFlags: 0
  m_CorrespondingSourceObject: {fileID: 0}
  m_PrefabInstance: {fileID: 0}
  m_PrefabAsset: {fileID: 0}
  m_GameObject: {fileID: 7653453468269300644}
  serializedVersion: 2
  m_LocalRotation: {x: -0.048058007, y: -0.03486779, z: -0.0037823087, w: 0.9982286}
  m_LocalPosition: {x: -0.24842583, y: -0.022103617, z: 0.006960128}
  m_LocalScale: {x: 1, y: 1, z: 1}
  m_ConstrainProportionsScale: 0
  m_Children:
  - {fileID: 5229958297125443730}
  m_Father: {fileID: 1292584812306395157}
  m_LocalEulerAnglesHint: {x: 0, y: 0, z: 0}
--- !u!1 &7721263657891563196
GameObject:
  m_ObjectHideFlags: 0
  m_CorrespondingSourceObject: {fileID: 0}
  m_PrefabInstance: {fileID: 0}
  m_PrefabAsset: {fileID: 0}
  serializedVersion: 6
  m_Component:
  - component: {fileID: 7327173842182866996}
  m_Layer: 8
  m_Name: shoulderPad_r
  m_TagString: Untagged
  m_Icon: {fileID: 0}
  m_NavMeshLayer: 0
  m_StaticEditorFlags: 0
  m_IsActive: 1
--- !u!4 &7327173842182866996
Transform:
  m_ObjectHideFlags: 0
  m_CorrespondingSourceObject: {fileID: 0}
  m_PrefabInstance: {fileID: 0}
  m_PrefabAsset: {fileID: 0}
  m_GameObject: {fileID: 7721263657891563196}
  serializedVersion: 2
  m_LocalRotation: {x: 0.9971358, y: -0.06829407, z: -0.03242272, w: -0.0022206397}
  m_LocalPosition: {x: 0.17600757, y: -0.023321006, z: -0.14719468}
  m_LocalScale: {x: 1, y: 1, z: 1}
  m_ConstrainProportionsScale: 0
  m_Children: []
  m_Father: {fileID: 8285435129968329025}
  m_LocalEulerAnglesHint: {x: 0, y: 0, z: 0}
--- !u!1 &7758030561986118929
GameObject:
  m_ObjectHideFlags: 0
  m_CorrespondingSourceObject: {fileID: 0}
  m_PrefabInstance: {fileID: 0}
  m_PrefabAsset: {fileID: 0}
  serializedVersion: 6
  m_Component:
  - component: {fileID: 5471047773895312220}
  m_Layer: 8
  m_Name: goggle
  m_TagString: Untagged
  m_Icon: {fileID: 0}
  m_NavMeshLayer: 0
  m_StaticEditorFlags: 0
  m_IsActive: 1
--- !u!4 &5471047773895312220
Transform:
  m_ObjectHideFlags: 0
  m_CorrespondingSourceObject: {fileID: 0}
  m_PrefabInstance: {fileID: 0}
  m_PrefabAsset: {fileID: 0}
  m_GameObject: {fileID: 7758030561986118929}
  serializedVersion: 2
  m_LocalRotation: {x: 0, y: -0, z: -0, w: 1}
  m_LocalPosition: {x: -0.10426342, y: 0.019702436, z: 9.781686e-17}
  m_LocalScale: {x: 1, y: 1, z: 1}
  m_ConstrainProportionsScale: 0
  m_Children: []
  m_Father: {fileID: 2098037373057311915}
  m_LocalEulerAnglesHint: {x: 0, y: 0, z: 0}
--- !u!1 &7935280195987457655
GameObject:
  m_ObjectHideFlags: 0
  m_CorrespondingSourceObject: {fileID: 0}
  m_PrefabInstance: {fileID: 0}
  m_PrefabAsset: {fileID: 0}
  serializedVersion: 6
  m_Component:
  - component: {fileID: 293342354650949360}
  m_Layer: 8
  m_Name: weaponPositionTop
  m_TagString: Untagged
  m_Icon: {fileID: 0}
  m_NavMeshLayer: 0
  m_StaticEditorFlags: 0
  m_IsActive: 1
--- !u!4 &293342354650949360
Transform:
  m_ObjectHideFlags: 0
  m_CorrespondingSourceObject: {fileID: 0}
  m_PrefabInstance: {fileID: 0}
  m_PrefabAsset: {fileID: 0}
  m_GameObject: {fileID: 7935280195987457655}
  serializedVersion: 2
  m_LocalRotation: {x: 0, y: -0, z: -0, w: 1}
  m_LocalPosition: {x: -9.711231e-17, y: -0.026338715, z: 0.3967954}
  m_LocalScale: {x: 1, y: 1, z: 1}
  m_ConstrainProportionsScale: 0
  m_Children: []
  m_Father: {fileID: 2288670206205472923}
  m_LocalEulerAnglesHint: {x: 0, y: 0, z: 0}
--- !u!1 &7973648397945694207
GameObject:
  m_ObjectHideFlags: 0
  m_CorrespondingSourceObject: {fileID: 0}
  m_PrefabInstance: {fileID: 0}
  m_PrefabAsset: {fileID: 0}
  serializedVersion: 6
  m_Component:
  - component: {fileID: 7828886880080794872}
  m_Layer: 8
  m_Name: index_03_l
  m_TagString: Untagged
  m_Icon: {fileID: 0}
  m_NavMeshLayer: 0
  m_StaticEditorFlags: 0
  m_IsActive: 1
--- !u!4 &7828886880080794872
Transform:
  m_ObjectHideFlags: 0
  m_CorrespondingSourceObject: {fileID: 0}
  m_PrefabInstance: {fileID: 0}
  m_PrefabAsset: {fileID: 0}
  m_GameObject: {fileID: 7973648397945694207}
  serializedVersion: 2
  m_LocalRotation: {x: 0.019108133, y: -0.021374207, z: 0.0004085892, w: 0.99958885}
  m_LocalPosition: {x: -0.06657951, y: -0.010166785, z: -0.0034639393}
  m_LocalScale: {x: 1, y: 1, z: 1}
  m_ConstrainProportionsScale: 0
  m_Children: []
  m_Father: {fileID: 3495915247215365211}
  m_LocalEulerAnglesHint: {x: 0, y: 0, z: 0}
--- !u!1 &7978940872270383251
GameObject:
  m_ObjectHideFlags: 0
  m_CorrespondingSourceObject: {fileID: 0}
  m_PrefabInstance: {fileID: 0}
  m_PrefabAsset: {fileID: 0}
  serializedVersion: 6
  m_Component:
  - component: {fileID: 1292584812306395157}
  m_Layer: 8
  m_Name: calf_r
  m_TagString: Untagged
  m_Icon: {fileID: 0}
  m_NavMeshLayer: 0
  m_StaticEditorFlags: 0
  m_IsActive: 1
--- !u!4 &1292584812306395157
Transform:
  m_ObjectHideFlags: 0
  m_CorrespondingSourceObject: {fileID: 0}
  m_PrefabInstance: {fileID: 0}
  m_PrefabAsset: {fileID: 0}
  m_GameObject: {fileID: 7978940872270383251}
  serializedVersion: 2
  m_LocalRotation: {x: -0.009955104, y: -0.002821651, z: 0.010788465, w: 0.9998883}
  m_LocalPosition: {x: -0.26151615, y: 0.00004652248, z: 0.003229354}
  m_LocalScale: {x: 1, y: 1, z: 1}
  m_ConstrainProportionsScale: 0
  m_Children:
  - {fileID: 2428745247543683092}
  m_Father: {fileID: 5423929068715127115}
  m_LocalEulerAnglesHint: {x: 0, y: 0, z: 0}
--- !u!1 &8000019461871347523
GameObject:
  m_ObjectHideFlags: 0
  m_CorrespondingSourceObject: {fileID: 0}
  m_PrefabInstance: {fileID: 0}
  m_PrefabAsset: {fileID: 0}
  serializedVersion: 6
  m_Component:
  - component: {fileID: 4151523184967384484}
  m_Layer: 8
  m_Name: pinky_02_r
  m_TagString: Untagged
  m_Icon: {fileID: 0}
  m_NavMeshLayer: 0
  m_StaticEditorFlags: 0
  m_IsActive: 1
--- !u!4 &4151523184967384484
Transform:
  m_ObjectHideFlags: 0
  m_CorrespondingSourceObject: {fileID: 0}
  m_PrefabInstance: {fileID: 0}
  m_PrefabAsset: {fileID: 0}
  m_GameObject: {fileID: 8000019461871347523}
  serializedVersion: 2
  m_LocalRotation: {x: 0.018510409, y: 0.012781699, z: -0.06235466, w: 0.9978006}
  m_LocalPosition: {x: 0.08108632, y: 0.009184342, z: -0.000342857}
  m_LocalScale: {x: 1, y: 1, z: 1}
  m_ConstrainProportionsScale: 0
  m_Children:
  - {fileID: 4450105151673111375}
  m_Father: {fileID: 4003812819151003945}
  m_LocalEulerAnglesHint: {x: 0, y: 0, z: 0}
--- !u!1 &8114352642133220664
GameObject:
  m_ObjectHideFlags: 0
  m_CorrespondingSourceObject: {fileID: 0}
  m_PrefabInstance: {fileID: 0}
  m_PrefabAsset: {fileID: 0}
  serializedVersion: 6
  m_Component:
  - component: {fileID: 7114091284588284306}
  m_Layer: 8
  m_Name: root
  m_TagString: Untagged
  m_Icon: {fileID: 0}
  m_NavMeshLayer: 0
  m_StaticEditorFlags: 0
  m_IsActive: 1
--- !u!4 &7114091284588284306
Transform:
  m_ObjectHideFlags: 0
  m_CorrespondingSourceObject: {fileID: 0}
  m_PrefabInstance: {fileID: 0}
  m_PrefabAsset: {fileID: 0}
  m_GameObject: {fileID: 8114352642133220664}
  serializedVersion: 2
  m_LocalRotation: {x: -0.7071068, y: 0, z: -0, w: 0.7071068}
  m_LocalPosition: {x: -0, y: 0, z: -0.05060407}
  m_LocalScale: {x: 1, y: 1, z: 1}
  m_ConstrainProportionsScale: 0
  m_Children:
  - {fileID: 30996081039580547}
  - {fileID: 3841128847998365733}
  - {fileID: 7451856569446508353}
  m_Father: {fileID: 9210863489150038733}
  m_LocalEulerAnglesHint: {x: 0, y: 0, z: 0}
--- !u!1 &8390657583143975019
GameObject:
  m_ObjectHideFlags: 0
  m_CorrespondingSourceObject: {fileID: 0}
  m_PrefabInstance: {fileID: 0}
  m_PrefabAsset: {fileID: 0}
  serializedVersion: 6
  m_Component:
  - component: {fileID: 5447768903892491380}
  m_Layer: 8
  m_Name: backpackShield02
  m_TagString: Untagged
  m_Icon: {fileID: 0}
  m_NavMeshLayer: 0
  m_StaticEditorFlags: 0
  m_IsActive: 1
--- !u!4 &5447768903892491380
Transform:
  m_ObjectHideFlags: 0
  m_CorrespondingSourceObject: {fileID: 0}
  m_PrefabInstance: {fileID: 0}
  m_PrefabAsset: {fileID: 0}
  m_GameObject: {fileID: 8390657583143975019}
  serializedVersion: 2
  m_LocalRotation: {x: 0, y: -0, z: -0, w: 1}
  m_LocalPosition: {x: 1.635419e-16, y: 0.19255169, z: 0.020971233}
  m_LocalScale: {x: 1, y: 1, z: 1}
  m_ConstrainProportionsScale: 0
  m_Children: []
  m_Father: {fileID: 2288670206205472923}
  m_LocalEulerAnglesHint: {x: 0, y: 0, z: 0}
--- !u!1 &8714756252724205749
GameObject:
  m_ObjectHideFlags: 0
  m_CorrespondingSourceObject: {fileID: 0}
  m_PrefabInstance: {fileID: 0}
  m_PrefabAsset: {fileID: 0}
  serializedVersion: 6
  m_Component:
  - component: {fileID: 8342124764570117466}
  m_Layer: 8
  m_Name: thumb_01_r
  m_TagString: Untagged
  m_Icon: {fileID: 0}
  m_NavMeshLayer: 0
  m_StaticEditorFlags: 0
  m_IsActive: 1
--- !u!4 &8342124764570117466
Transform:
  m_ObjectHideFlags: 0
  m_CorrespondingSourceObject: {fileID: 0}
  m_PrefabInstance: {fileID: 0}
  m_PrefabAsset: {fileID: 0}
  m_GameObject: {fileID: 8714756252724205749}
  serializedVersion: 2
  m_LocalRotation: {x: 0.6367856, y: -0.3054473, z: 0.09856634, w: 0.701064}
  m_LocalPosition: {x: 0.059102453, y: -0.026276376, z: 0.08270726}
  m_LocalScale: {x: 1, y: 1, z: 1}
  m_ConstrainProportionsScale: 0
  m_Children:
  - {fileID: 4437913511459002894}
  m_Father: {fileID: 1852841259550828477}
  m_LocalEulerAnglesHint: {x: 0, y: 0, z: 0}
--- !u!1 &8987090302645506023
GameObject:
  m_ObjectHideFlags: 0
  m_CorrespondingSourceObject: {fileID: 0}
  m_PrefabInstance: {fileID: 0}
  m_PrefabAsset: {fileID: 0}
  serializedVersion: 6
  m_Component:
  - component: {fileID: 7010837965742007087}
  m_Layer: 8
  m_Name: foot_l
  m_TagString: Untagged
  m_Icon: {fileID: 0}
  m_NavMeshLayer: 0
  m_StaticEditorFlags: 0
  m_IsActive: 1
--- !u!4 &7010837965742007087
Transform:
  m_ObjectHideFlags: 0
  m_CorrespondingSourceObject: {fileID: 0}
  m_PrefabInstance: {fileID: 0}
  m_PrefabAsset: {fileID: 0}
  m_GameObject: {fileID: 8987090302645506023}
  serializedVersion: 2
  m_LocalRotation: {x: -0.048031498, y: -0.034866802, z: -0.0037838009, w: 0.9982299}
  m_LocalPosition: {x: 0.2484259, y: 0.022103611, z: -0.0069593876}
  m_LocalScale: {x: 1, y: 1, z: 1}
  m_ConstrainProportionsScale: 0
  m_Children:
  - {fileID: 8806862814168486370}
  m_Father: {fileID: 5441179379322087554}
  m_LocalEulerAnglesHint: {x: 0, y: 0, z: 0}
--- !u!1001 &2667921548054731207
PrefabInstance:
  m_ObjectHideFlags: 0
  serializedVersion: 2
  m_Modification:
    serializedVersion: 3
    m_TransformParent: {fileID: 9210863489150038733}
    m_Modifications:
    - target: {fileID: 7382499276265891213, guid: 702e79bd54edf794dba4959d8e44e48d, type: 3}
      propertyPath: m_Pivot.x
      value: 0.5
      objectReference: {fileID: 0}
    - target: {fileID: 7382499276265891213, guid: 702e79bd54edf794dba4959d8e44e48d, type: 3}
      propertyPath: m_Pivot.y
      value: 0.5
      objectReference: {fileID: 0}
    - target: {fileID: 7382499276265891213, guid: 702e79bd54edf794dba4959d8e44e48d, type: 3}
      propertyPath: m_AnchorMax.x
      value: 0
      objectReference: {fileID: 0}
    - target: {fileID: 7382499276265891213, guid: 702e79bd54edf794dba4959d8e44e48d, type: 3}
      propertyPath: m_AnchorMax.y
      value: 0
      objectReference: {fileID: 0}
    - target: {fileID: 7382499276265891213, guid: 702e79bd54edf794dba4959d8e44e48d, type: 3}
      propertyPath: m_AnchorMin.x
      value: 0
      objectReference: {fileID: 0}
    - target: {fileID: 7382499276265891213, guid: 702e79bd54edf794dba4959d8e44e48d, type: 3}
      propertyPath: m_AnchorMin.y
      value: 0
      objectReference: {fileID: 0}
    - target: {fileID: 7382499276265891213, guid: 702e79bd54edf794dba4959d8e44e48d, type: 3}
      propertyPath: m_SizeDelta.x
      value: 1000
      objectReference: {fileID: 0}
    - target: {fileID: 7382499276265891213, guid: 702e79bd54edf794dba4959d8e44e48d, type: 3}
      propertyPath: m_SizeDelta.y
      value: 433
      objectReference: {fileID: 0}
    - target: {fileID: 7382499276265891213, guid: 702e79bd54edf794dba4959d8e44e48d, type: 3}
      propertyPath: m_LocalPosition.x
      value: 0
      objectReference: {fileID: 0}
    - target: {fileID: 7382499276265891213, guid: 702e79bd54edf794dba4959d8e44e48d, type: 3}
      propertyPath: m_LocalPosition.y
      value: 0
      objectReference: {fileID: 0}
    - target: {fileID: 7382499276265891213, guid: 702e79bd54edf794dba4959d8e44e48d, type: 3}
      propertyPath: m_LocalPosition.z
      value: 0
      objectReference: {fileID: 0}
    - target: {fileID: 7382499276265891213, guid: 702e79bd54edf794dba4959d8e44e48d, type: 3}
      propertyPath: m_LocalRotation.w
      value: 0.64085644
      objectReference: {fileID: 0}
    - target: {fileID: 7382499276265891213, guid: 702e79bd54edf794dba4959d8e44e48d, type: 3}
      propertyPath: m_LocalRotation.x
      value: -0.29883623
      objectReference: {fileID: 0}
    - target: {fileID: 7382499276265891213, guid: 702e79bd54edf794dba4959d8e44e48d, type: 3}
      propertyPath: m_LocalRotation.y
      value: 0.64085644
      objectReference: {fileID: 0}
    - target: {fileID: 7382499276265891213, guid: 702e79bd54edf794dba4959d8e44e48d, type: 3}
      propertyPath: m_LocalRotation.z
      value: 0.29883623
      objectReference: {fileID: 0}
    - target: {fileID: 7382499276265891213, guid: 702e79bd54edf794dba4959d8e44e48d, type: 3}
      propertyPath: m_AnchoredPosition.x
      value: 0
      objectReference: {fileID: 0}
    - target: {fileID: 7382499276265891213, guid: 702e79bd54edf794dba4959d8e44e48d, type: 3}
      propertyPath: m_AnchoredPosition.y
      value: 2.15
      objectReference: {fileID: 0}
    - target: {fileID: 7382499276265891213, guid: 702e79bd54edf794dba4959d8e44e48d, type: 3}
      propertyPath: m_LocalEulerAnglesHint.x
      value: -50
      objectReference: {fileID: 0}
    - target: {fileID: 7382499276265891213, guid: 702e79bd54edf794dba4959d8e44e48d, type: 3}
      propertyPath: m_LocalEulerAnglesHint.y
      value: 90
      objectReference: {fileID: 0}
    - target: {fileID: 7382499276265891213, guid: 702e79bd54edf794dba4959d8e44e48d, type: 3}
      propertyPath: m_LocalEulerAnglesHint.z
      value: 0
      objectReference: {fileID: 0}
    - target: {fileID: 7882425737501026427, guid: 702e79bd54edf794dba4959d8e44e48d, type: 3}
      propertyPath: m_Name
      value: HealthBarCanvas
      objectReference: {fileID: 0}
    - target: {fileID: 7882425737501026427, guid: 702e79bd54edf794dba4959d8e44e48d, type: 3}
      propertyPath: m_IsActive
      value: 1
      objectReference: {fileID: 0}
    m_RemovedComponents: []
    m_RemovedGameObjects: []
    m_AddedGameObjects: []
    m_AddedComponents: []
  m_SourcePrefab: {fileID: 100100000, guid: 702e79bd54edf794dba4959d8e44e48d, type: 3}
--- !u!224 &4860997501248977994 stripped
RectTransform:
  m_CorrespondingSourceObject: {fileID: 7382499276265891213, guid: 702e79bd54edf794dba4959d8e44e48d, type: 3}
  m_PrefabInstance: {fileID: 2667921548054731207}
  m_PrefabAsset: {fileID: 0}
--- !u!114 &6887202241055106216 stripped
MonoBehaviour:
  m_CorrespondingSourceObject: {fileID: 8832154192579968367, guid: 702e79bd54edf794dba4959d8e44e48d, type: 3}
  m_PrefabInstance: {fileID: 2667921548054731207}
  m_PrefabAsset: {fileID: 0}
  m_GameObject: {fileID: 0}
  m_Enabled: 1
  m_EditorHideFlags: 0
  m_Script: {fileID: 11500000, guid: fe87c0e1cc204ed48ad3b37840f39efc, type: 3}
  m_Name: 
  m_EditorClassIdentifier: 
